<?xml version="1.0" encoding="UTF-8"?>
<!DOCTYPE html PUBLIC "-//W3C//DTD XHTML 1.0 Transitional//EN"
    "http://www.w3.org/TR/xhtml1/DTD/xhtml1-transitional.dtd">
<html xmlns="http://www.w3.org/1999/xhtml" xml:lang="en" lang="en">
 <head>
  <title>
</title>
<meta http-equiv="Content-Type" content="text/html;charset=utf-8" />
  <meta name='ocr-system' content='tesseract 3.04.00' />
  <meta name='ocr-capabilities' content='ocr_page ocr_carea ocr_par ocr_line ocrx_word'/>
</head>
<body>
  <div class='ocr_page' id='page_1' title='image "apparatusjurise00zitegoog_0084.png"; bbox 0 0 3906 5690; ppageno 0'>
   <div class='ocr_carea' id='block_1_1' title="bbox 776 503 917 558">
    <p class='ocr_par' dir='ltr' id='par_1_1' title="bbox 776 503 917 558">
     <span class='ocr_line' id='line_1_1' title="bbox 776 503 917 558; baseline -0.007 -20"><span class='ocrx_word' id='word_1_1' title='bbox 776 503 917 558; x_wconf 74' lang='lat'>..75-</span> 
     </span>
    </p>
   </div>
   <div class='ocr_carea' id='block_1_2' title="bbox 204 680 1501 3014">
    <p class='ocr_par' dir='ltr' id='par_1_2' title="bbox 204 680 1501 3014">
     <span class='ocr_line' id='line_1_2' title="bbox 204 680 1492 770; baseline -0.002 -18"><span class='ocrx_word' id='word_1_2' title='bbox 204 684 294 770; x_wconf 89' lang='lat' dir='ltr'>scopi</span> <span class='ocrx_word' id='word_1_3' title='bbox 305 687 398 748; x_wconf 82' lang='lat' dir='ltr'>extra</span> <span class='ocrx_word' id='word_1_4' title='bbox 408 681 575 748; x_wconf 89' lang='lat' dir='ltr'>ecclesiam</span> <span class='ocrx_word' id='word_1_5' title='bbox 592 680 751 747; x_wconf 87' lang='lat' dir='ltr'>celebrare</span> <span class='ocrx_word' id='word_1_6' title='bbox 766 682 800 745; x_wconf 91' lang='lat' dir='ltr'>in</span> <span class='ocrx_word' id='word_1_7' title='bbox 815 680 911 746; x_wconf 88' lang='lat' dir='ltr'>altari</span> <span class='ocrx_word' id='word_1_8' title='bbox 926 680 1085 766; x_wconf 89' lang='lat' dir='ltr'>portatili,</span> <span class='ocrx_word' id='word_1_9' title='bbox 1103 684 1171 746; x_wconf 90' lang='lat' dir='ltr'>tam</span> <span class='ocrx_word' id='word_1_10' title='bbox 1188 681 1222 745; x_wconf 92' lang='lat' dir='ltr'>in</span> <span class='ocrx_word' id='word_1_11' title='bbox 1237 680 1378 767; x_wconf 88' lang='lat' dir='ltr'>propria,</span> <span class='ocrx_word' id='word_1_12' title='bbox 1395 705 1492 768; x_wconf 88' lang='lat' dir='ltr'>quam</span> 
     </span>
     <span class='ocr_line' id='line_1_3' title="bbox 205 805 1493 888; baseline 0 -13"><span class='ocrx_word' id='word_1_13' title='bbox 205 809 304 876; x_wconf 80' lang='lat' dir='ltr'>etiam</span> <span class='ocrx_word' id='word_1_14' title='bbox 318 809 352 874; x_wconf 90' lang='lat' dir='ltr'>in</span> <span class='ocrx_word' id='word_1_15' title='bbox 367 807 474 874; x_wconf 85' lang='lat' dir='ltr'>aliena</span> <span class='ocrx_word' id='word_1_16' title='bbox 489 807 636 888; x_wconf 85' lang='lat' dir='ltr'>dioecesi,</span> <span class='ocrx_word' id='word_1_17' title='bbox 652 806 834 872; x_wconf 87' lang='lat' dir='ltr'>inconsulto</span> <span class='ocrx_word' id='word_1_18' title='bbox 850 805 1021 873; x_wconf 87' lang='lat' dir='ltr'>Ordinario</span> <span class='ocrx_word' id='word_1_19' title='bbox 1038 806 1112 887; x_wconf 90' lang='lat' dir='ltr'>loci,</span> <span class='ocrx_word' id='word_1_20' title='bbox 1128 805 1244 872; x_wconf 74' lang='lat' dir='ltr'>Binan.</span> <span class='ocrx_word' id='word_1_21' title='bbox 1258 806 1338 873; x_wconf 87' lang='lat' dir='ltr'>XIV</span> <span class='ocrx_word' id='word_1_22' title='bbox 1353 808 1493 876; x_wconf 82' lang='lat' dir='ltr'>Constit.</span> 
     </span>
     <span class='ocr_line' id='line_1_4' title="bbox 205 931 1492 1018; baseline 0 -18"><span class='ocrx_word' id='word_1_23' title='bbox 205 935 329 1018; x_wconf 71' lang='lat' dir='ltr'>Magno</span> <span class='ocrx_word' id='word_1_24' title='bbox 345 935 366 998; x_wconf 83' lang='lat'>2</span> <span class='ocrx_word' id='word_1_25' title='bbox 381 933 462 999; x_wconf 90' lang='lat' dir='ltr'>iunii</span> <span class='ocrx_word' id='word_1_26' title='bbox 481 931 583 1012; x_wconf 78' lang='lat'>17513</span> <span class='ocrx_word' id='word_1_27' title='bbox 600 937 643 1012; x_wconf 89' lang='lat' dir='ltr'>et,</span> <span class='ocrx_word' id='word_1_28' title='bbox 659 932 790 1018; x_wconf 83' lang='lat' dir='ltr'>propria</span> <span class='ocrx_word' id='word_1_29' title='bbox 805 931 979 1012; x_wconf 83' lang='lat' dir='ltr'>celebrata,</span> <span class='ocrx_word' id='word_1_30' title='bbox 997 931 1096 998; x_wconf 85' lang='lat' dir='ltr'>aliam</span> <span class='ocrx_word' id='word_1_31' title='bbox 1111 933 1220 998; x_wconf 86' lang='lat' dir='ltr'>audire</span> <span class='ocrx_word' id='word_1_32' title='bbox 1236 932 1335 998; x_wconf 86' lang='lat' dir='ltr'>etiam</span> <span class='ocrx_word' id='word_1_33' title='bbox 1349 934 1385 998; x_wconf 90' lang='lat' dir='ltr'>in</span> <span class='ocrx_word' id='word_1_34' title='bbox 1399 934 1492 1000; x_wconf 85' lang='lat' dir='ltr'>festis</span> 
     </span>
     <span class='ocr_line' id='line_1_5' title="bbox 206 1055 1491 1144; baseline 0 -20"><span class='ocrx_word' id='word_1_35' title='bbox 206 1057 461 1124; x_wconf 66' lang='lat' dir='ltr'><strong>solemnioribus.</strong></span> <span class='ocrx_word' id='word_1_36' title='bbox 485 1055 555 1124; x_wconf 77' lang='lat' dir='ltr'>Sic.</span> <span class='ocrx_word' id='word_1_37' title='bbox 589 1056 660 1122; x_wconf 82' lang='lat' dir='ltr'>Ru.</span> <span class='ocrx_word' id='word_1_38' title='bbox 692 1057 804 1124; x_wconf 81' lang='lat' dir='ltr'>Casan.</span> <span class='ocrx_word' id='word_1_39' title='bbox 839 1058 881 1122; x_wconf 85' lang='lat'>22</span> <span class='ocrx_word' id='word_1_40' title='bbox 917 1077 993 1144; x_wconf 85' lang='lat' dir='ltr'>aug.</span> <span class='ocrx_word' id='word_1_41' title='bbox 1029 1057 1125 1122; x_wconf 82' lang='lat'>1818.</span> <span class='ocrx_word' id='word_1_42' title='bbox 1159 1056 1315 1124; x_wconf 83' lang='lat' dir='ltr'>Attamen</span> <span class='ocrx_word' id='word_1_43' title='bbox 1338 1057 1491 1144; x_wconf 77' lang='lat' dir='ltr'><strong>Episcopi</strong></span> 
     </span>
     <span class='ocr_line' id='line_1_6' title="bbox 207 1181 1496 1270; baseline 0 -20"><span class='ocrx_word' id='word_1_44' title='bbox 207 1183 270 1252; x_wconf 89' lang='lat' dir='ltr'>hoc</span> <span class='ocrx_word' id='word_1_45' title='bbox 291 1182 464 1270; x_wconf 88' lang='lat' dir='ltr'>privilegio</span> <span class='ocrx_word' id='word_1_46' title='bbox 486 1182 535 1248; x_wconf 92' lang='lat' dir='ltr'>uti</span> <span class='ocrx_word' id='word_1_47' title='bbox 558 1181 675 1249; x_wconf 86' lang='lat' dir='ltr'>debant</span> <span class='ocrx_word' id='word_1_48' title='bbox 697 1203 770 1248; x_wconf 91' lang='lat' dir='ltr'>oum</span> <span class='ocrx_word' id='word_1_49' title='bbox 804 1181 855 1246; x_wconf 88' lang='lat' dir='ltr'>his</span> <span class='ocrx_word' id='word_1_50' title='bbox 889 1181 1160 1248; x_wconf 70' lang='lat' dir='ltr'>restrictionibus:</span> <span class='ocrx_word' id='word_1_51' title='bbox 1185 1185 1222 1247; x_wconf 91' lang='lat' dir='ltr'>ut</span> <span class='ocrx_word' id='word_1_52' title='bbox 1244 1203 1309 1248; x_wconf 91' lang='lat' dir='ltr'>non</span> <span class='ocrx_word' id='word_1_53' title='bbox 1331 1183 1496 1250; x_wconf 84' lang='lat' dir='ltr'>celebrant</span> 
     </span>
     <span class='ocr_line' id='line_1_7' title="bbox 207 1305 1493 1385; baseline -0.001 -10"><span class='ocrx_word' id='word_1_54' title='bbox 207 1329 267 1375; x_wconf 88' lang='lat' dir='ltr'>noc</span> <span class='ocrx_word' id='word_1_55' title='bbox 304 1307 458 1374; x_wconf 80' lang='lat' dir='ltr'>celebrari</span> <span class='ocrx_word' id='word_1_56' title='bbox 494 1308 617 1374; x_wconf 81' lang='lat' dir='ltr'>iaciant</span> <span class='ocrx_word' id='word_1_57' title='bbox 649 1308 683 1372; x_wconf 91' lang='lat' dir='ltr'>in</span> <span class='ocrx_word' id='word_1_58' title='bbox 718 1305 864 1372; x_wconf 89' lang='lat' dir='ltr'>cubiculo</span> <span class='ocrx_word' id='word_1_59' title='bbox 895 1306 952 1372; x_wconf 92' lang='lat' dir='ltr'>ubi</span> <span class='ocrx_word' id='word_1_60' title='bbox 987 1306 1096 1372; x_wconf 88' lang='lat' dir='ltr'>oubsri</span> <span class='ocrx_word' id='word_1_61' title='bbox 1120 1306 1240 1385; x_wconf 84' lang='lat' dir='ltr'>solent;</span> <span class='ocrx_word' id='word_1_62' title='bbox 1265 1311 1302 1372; x_wconf 90' lang='lat' dir='ltr'>ut</span> <span class='ocrx_word' id='word_1_63' title='bbox 1324 1329 1389 1373; x_wconf 91' lang='lat' dir='ltr'>non</span> <span class='ocrx_word' id='word_1_64' title='bbox 1411 1309 1493 1374; x_wconf 85' lang='lat' dir='ltr'>cele·</span> 
     </span>
     <span class='ocr_line' id='line_1_8' title="bbox 208 1431 1497 1520; baseline 0 -22"><span class='ocrx_word' id='word_1_65' title='bbox 208 1434 303 1520; x_wconf 87' lang='lat' dir='ltr'>brent</span> <span class='ocrx_word' id='word_1_66' title='bbox 324 1438 416 1500; x_wconf 82' lang='lat' dir='ltr'>extra</span> <span class='ocrx_word' id='word_1_67' title='bbox 448 1433 597 1518; x_wconf 88' lang='lat' dir='ltr'>propriae</span> <span class='ocrx_word' id='word_1_68' title='bbox 632 1431 844 1496; x_wconf 74' lang='lat' dir='ltr'>habitationis</span> <span class='ocrx_word' id='word_1_69' title='bbox 877 1431 1019 1513; x_wconf 91' lang='lat' dir='ltr'>domum,</span> <span class='ocrx_word' id='word_1_70' title='bbox 1042 1431 1076 1496; x_wconf 90' lang='lat' dir='ltr'>in</span> <span class='ocrx_word' id='word_1_71' title='bbox 1099 1431 1246 1498; x_wconf 81' lang='lat' dir='ltr'>domibus</span> <span class='ocrx_word' id='word_1_72' title='bbox 1280 1432 1371 1498; x_wconf 87' lang='lat' dir='ltr'>laicis</span> <span class='ocrx_word' id='word_1_73' title='bbox 1395 1433 1497 1500; x_wconf 87' lang='lat' dir='ltr'>etiam</span> 
     </span>
     <span class='ocr_line' id='line_1_9' title="bbox 208 1555 1496 1646; baseline -0.002 -20"><span class='ocrx_word' id='word_1_74' title='bbox 208 1559 395 1646; x_wconf 81' lang='lat' dir='ltr'>inproprie</span> <span class='ocrx_word' id='word_1_75' title='bbox 429 1557 579 1636; x_wconf 82' lang='lat' dir='ltr'>dioecesi,</span> <span class='ocrx_word' id='word_1_76' title='bbox 612 1577 631 1621; x_wconf 85' lang='lat' dir='ltr'>a</span> <span class='ocrx_word' id='word_1_77' title='bbox 663 1556 790 1622; x_wconf 80' lang='lat' dir='ltr'>fortiori</span> <span class='ocrx_word' id='word_1_78' title='bbox 825 1577 900 1622; x_wconf 89' lang='lat' dir='ltr'>vero</span> <span class='ocrx_word' id='word_1_79' title='bbox 934 1557 968 1622; x_wconf 91' lang='lat' dir='ltr'>in</span> <span class='ocrx_word' id='word_1_80' title='bbox 1005 1555 1119 1641; x_wconf 85' lang='lat' dir='ltr'>aliena,</span> <span class='ocrx_word' id='word_1_81' title='bbox 1155 1558 1282 1624; x_wconf 88' lang='lat' dir='ltr'>etiamsi</span> <span class='ocrx_word' id='word_1_82' title='bbox 1314 1557 1496 1624; x_wconf 84' lang='lat' dir='ltr'>dioecesani</span> 
     </span>
     <span class='ocr_line' id='line_1_10' title="bbox 209 1679 1494 1764; baseline -0.001 -14"><span class='ocrx_word' id='word_1_83' title='bbox 209 1705 379 1750; x_wconf 88' lang='lat' dir='ltr'>consensus</span> <span class='ocrx_word' id='word_1_84' title='bbox 402 1682 576 1750; x_wconf 88' lang='lat' dir='ltr'>accederet.</span> <span class='ocrx_word' id='word_1_85' title='bbox 601 1681 739 1750; x_wconf 80' lang='grc'><strong>01111111</strong></span> <span class='ocrx_word' id='word_1_86' title='bbox 761 1679 809 1747; x_wconf 89' lang='lat' dir='ltr'>XI</span> <span class='ocrx_word' id='word_1_87' title='bbox 833 1681 943 1750; x_wconf 73' lang='lat' dir='ltr'>(toust.</span> <span class='ocrx_word' id='word_1_88' title='bbox 971 1683 1130 1764; x_wconf 79' lang='lat' dir='ltr'>Quoniam</span> <span class='ocrx_word' id='word_1_89' title='bbox 1151 1690 1262 1750; x_wconf 79' lang='lat' dir='ltr'>saneto</span> <span class='ocrx_word' id='word_1_90' title='bbox 1288 1685 1328 1750; x_wconf 83' lang='lat'>15</span> <span class='ocrx_word' id='word_1_91' title='bbox 1353 1683 1494 1749; x_wconf 84' lang='lat' dir='ltr'>decemb.</span> 
     </span>
     <span class='ocr_line' id='line_1_11' title="bbox 213 1806 1497 1893; baseline 0 -19"><span class='ocrx_word' id='word_1_92' title='bbox 213 1809 309 1874; x_wconf 82' lang='lat'>1703.</span> <span class='ocrx_word' id='word_1_93' title='bbox 333 1807 549 1893; x_wconf 86' lang='lat' dir='ltr'>Excipiendae</span> <span class='ocrx_word' id='word_1_94' title='bbox 565 1811 641 1872; x_wconf 91' lang='lat' dir='ltr'>sunt</span> <span class='ocrx_word' id='word_1_95' title='bbox 656 1806 780 1888; x_wconf 86' lang='lat' dir='ltr'>domus,</span> <span class='ocrx_word' id='word_1_96' title='bbox 796 1806 831 1871; x_wconf 91' lang='lat' dir='ltr'>in</span> <span class='ocrx_word' id='word_1_97' title='bbox 847 1806 964 1892; x_wconf 89' lang='lat' dir='ltr'>quibus</span> <span class='ocrx_word' id='word_1_98' title='bbox 977 1807 1171 1872; x_wconf 79' lang='lat' dir='ltr'>visitationis</span> <span class='ocrx_word' id='word_1_99' title='bbox 1186 1811 1244 1872; x_wconf 88' lang='lat' dir='ltr'>aut</span> <span class='ocrx_word' id='word_1_100' title='bbox 1258 1809 1382 1874; x_wconf 89' lang='lat' dir='ltr'>itineris</span> <span class='ocrx_word' id='word_1_101' title='bbox 1398 1828 1497 1874; x_wconf 81' lang='lat' dir='ltr'>causa</span> 
     </span>
     <span class='ocr_line' id='line_1_12' title="bbox 210 1929 1495 2016; baseline 0.001 -19"><span class='ocrx_word' id='word_1_102' title='bbox 210 1933 421 2012; x_wconf 80' lang='lat' dir='ltr'>diversantur,</span> <span class='ocrx_word' id='word_1_103' title='bbox 444 1930 496 1996; x_wconf 90' lang='lat' dir='ltr'>vel</span> <span class='ocrx_word' id='word_1_104' title='bbox 520 1931 607 2016; x_wconf 90' lang='lat' dir='ltr'>(cum</span> <span class='ocrx_word' id='word_1_105' title='bbox 630 1931 675 1998; x_wconf 88' lang='lat' dir='ltr'>eis</span> <span class='ocrx_word' id='word_1_106' title='bbox 703 1929 793 2013; x_wconf 90' lang='lat' dir='ltr'>licet)</span> <span class='ocrx_word' id='word_1_107' title='bbox 816 1951 941 1996; x_wconf 89' lang='lat' dir='ltr'>moram</span> <span class='ocrx_word' id='word_1_108' title='bbox 977 1931 1109 1996; x_wconf 88' lang='lat' dir='ltr'>faciunt.</span> <span class='ocrx_word' id='word_1_109' title='bbox 1139 1930 1239 1998; x_wconf 81' lang='lat' dir='ltr'>Inuoc.</span> <span class='ocrx_word' id='word_1_110' title='bbox 1269 1931 1359 1998; x_wconf 89' lang='lat' dir='ltr'><strong>XIII.</strong></span> <span class='ocrx_word' id='word_1_111' title='bbox 1384 1933 1495 2000; x_wconf 73' lang='lat' dir='ltr'>const.</span> 
     </span>
     <span class='ocr_line' id='line_1_13' title="bbox 210 2055 1497 2144; baseline 0.002 -22"><span class='ocrx_word' id='word_1_112' title='bbox 210 2056 390 2140; x_wconf 79' lang='lat' dir='ltr'>Apostolici</span> <span class='ocrx_word' id='word_1_113' title='bbox 410 2057 596 2122; x_wconf 73' lang='lat' dir='ltr'>ministerii.</span> <span class='ocrx_word' id='word_1_114' title='bbox 621 2055 655 2136; x_wconf 83' lang='lat'>2)</span> <span class='ocrx_word' id='word_1_115' title='bbox 687 2057 779 2132; x_wconf 84' lang='lat' dir='ltr'>Quod</span> <span class='ocrx_word' id='word_1_116' title='bbox 810 2055 936 2140; x_wconf 90' lang='lat' dir='ltr'>possint</span> <span class='ocrx_word' id='word_1_117' title='bbox 957 2055 1075 2122; x_wconf 88' lang='lat' dir='ltr'>habere</span> <span class='ocrx_word' id='word_1_118' title='bbox 1104 2056 1138 2122; x_wconf 91' lang='lat' dir='ltr'>in</span> <span class='ocrx_word' id='word_1_119' title='bbox 1169 2057 1343 2144; x_wconf 90' lang='lat' dir='ltr'>episcopali</span> <span class='ocrx_word' id='word_1_120' title='bbox 1373 2058 1497 2144; x_wconf 87' lang='lat' dir='ltr'>palatio</span> 
     </span>
     <span class='ocr_line' id='line_1_14' title="bbox 210 2179 1497 2266; baseline 0.001 -18"><span class='ocrx_word' id='word_1_121' title='bbox 210 2179 362 2248; x_wconf 89' lang='lat' dir='ltr'>stabilem</span> <span class='ocrx_word' id='word_1_122' title='bbox 385 2180 581 2266; x_wconf 77' lang='lat' dir='ltr'>Coppellam,</span> <span class='ocrx_word' id='word_1_123' title='bbox 605 2181 640 2246; x_wconf 91' lang='lat' dir='ltr'>in</span> <span class='ocrx_word' id='word_1_124' title='bbox 662 2201 726 2265; x_wconf 88' lang='lat' dir='ltr'>qua</span> <span class='ocrx_word' id='word_1_125' title='bbox 748 2185 816 2246; x_wconf 89' lang='lat' dir='ltr'>tam</span> <span class='ocrx_word' id='word_1_126' title='bbox 839 2181 901 2266; x_wconf 91' lang='lat' dir='ltr'>ipsi</span> <span class='ocrx_word' id='word_1_127' title='bbox 925 2201 1022 2265; x_wconf 90' lang='lat' dir='ltr'>quam</span> <span class='ocrx_word' id='word_1_128' title='bbox 1045 2180 1101 2246; x_wconf 91' lang='grc'><strong>1111</strong></span> <span class='ocrx_word' id='word_1_129' title='bbox 1124 2203 1249 2248; x_wconf 90' lang='lat' dir='ltr'>sacrum</span> <span class='ocrx_word' id='word_1_130' title='bbox 1272 2183 1405 2248; x_wconf 87' lang='lat' dir='ltr'>faciant.</span> <span class='ocrx_word' id='word_1_131' title='bbox 1426 2182 1497 2249; x_wconf 93' lang='lat' dir='ltr'>Imo</span> 
     </span>
     <span class='ocr_line' id='line_1_15' title="bbox 210 2304 1498 2392; baseline 0.001 -20"><span class='ocrx_word' id='word_1_132' title='bbox 210 2304 293 2372; x_wconf 88' lang='lat' dir='ltr'>talia</span> <span class='ocrx_word' id='word_1_133' title='bbox 315 2305 465 2386; x_wconf 88' lang='lat' dir='ltr'>oratoria,</span> <span class='ocrx_word' id='word_1_134' title='bbox 483 2327 564 2391; x_wconf 87' lang='lat' dir='ltr'>quae</span> <span class='ocrx_word' id='word_1_135' title='bbox 580 2307 741 2371; x_wconf 87' lang='lat' dir='ltr'>extantia</span> <span class='ocrx_word' id='word_1_136' title='bbox 757 2327 866 2372; x_wconf 86' lang='lat' dir='ltr'>eorum</span> <span class='ocrx_word' id='word_1_137' title='bbox 890 2305 1047 2386; x_wconf 82' lang='lat' dir='ltr'>domibus,</span> <span class='ocrx_word' id='word_1_138' title='bbox 1063 2307 1166 2372; x_wconf 89' lang='lat' dir='ltr'>instar</span> <span class='ocrx_word' id='word_1_139' title='bbox 1180 2307 1310 2392; x_wconf 89' lang='lat' dir='ltr'>publica</span> <span class='ocrx_word' id='word_1_140' title='bbox 1325 2307 1498 2388; x_wconf 88' lang='lat' dir='ltr'>habentur,</span> 
     </span>
     <span class='ocr_line' id='line_1_16' title="bbox 211 2429 1501 2516; baseline 0.002 -20"><span class='ocrx_word' id='word_1_141' title='bbox 211 2431 346 2516; x_wconf 90' lang='lat' dir='ltr'>ideoque</span> <span class='ocrx_word' id='word_1_142' title='bbox 380 2430 503 2497; x_wconf 83' lang='lat' dir='ltr'>festivis</span> <span class='ocrx_word' id='word_1_143' title='bbox 538 2429 649 2497; x_wconf 88' lang='lat' dir='ltr'>diebus</span> <span class='ocrx_word' id='word_1_144' title='bbox 683 2433 844 2516; x_wconf 90' lang='lat' dir='ltr'>quotquot</span> <span class='ocrx_word' id='word_1_145' title='bbox 877 2431 924 2496; x_wconf 91' lang='lat' dir='ltr'>ibi</span> <span class='ocrx_word' id='word_1_146' title='bbox 954 2429 1073 2496; x_wconf 86' lang='lat' dir='ltr'>Missae</span> <span class='ocrx_word' id='word_1_147' title='bbox 1102 2432 1262 2497; x_wconf 88' lang='lat' dir='ltr'>intersunt</span> <span class='ocrx_word' id='word_1_148' title='bbox 1294 2433 1501 2498; x_wconf 83' lang='lat' dir='ltr'>satisfaciunt</span> 
     </span>
     <span class='ocr_line' id='line_1_17' title="bbox 213 2554 1498 2642; baseline 0.001 -20"><span class='ocrx_word' id='word_1_149' title='bbox 213 2560 396 2642; x_wconf 82' lang='lat' dir='ltr'>praecepto,</span> <span class='ocrx_word' id='word_1_150' title='bbox 419 2555 515 2641; x_wconf 91' lang='lat' dir='ltr'>idque</span> <span class='ocrx_word' id='word_1_151' title='bbox 538 2555 637 2621; x_wconf 89' lang='lat' dir='ltr'>etiam</span> <span class='ocrx_word' id='word_1_152' title='bbox 669 2554 830 2640; x_wconf 77' lang='lat' dir='ltr'>Episcopo</span> <span class='ocrx_word' id='word_1_153' title='bbox 858 2555 990 2620; x_wconf 85' lang='lat' dir='ltr'>absente</span> <span class='ocrx_word' id='word_1_154' title='bbox 1013 2559 1071 2620; x_wconf 87' lang='lat' dir='ltr'>aut</span> <span class='ocrx_word' id='word_1_155' title='bbox 1093 2577 1195 2621; x_wconf 89' lang='lat' dir='ltr'>vacua</span> <span class='ocrx_word' id='word_1_156' title='bbox 1218 2557 1309 2622; x_wconf 86' lang='lat' dir='ltr'>Sede.</span> <span class='ocrx_word' id='word_1_157' title='bbox 1332 2555 1402 2623; x_wconf 78' lang='lat' dir='ltr'>Sao.</span> <span class='ocrx_word' id='word_1_158' title='bbox 1426 2557 1498 2624; x_wconf 81' lang='grc'><strong>1111.</strong></span> 
     </span>
     <span class='ocr_line' id='line_1_18' title="bbox 214 2677 1499 2763; baseline -0.002 -15"><span class='ocrx_word' id='word_1_159' title='bbox 214 2681 327 2748; x_wconf 81' lang='lat' dir='ltr'>Conon.</span> <span class='ocrx_word' id='word_1_160' title='bbox 343 2681 364 2745; x_wconf 83' lang='lat'>2</span> <span class='ocrx_word' id='word_1_161' title='bbox 379 2679 451 2745; x_wconf 92' lang='lat' dir='ltr'>iulii</span> <span class='ocrx_word' id='word_1_162' title='bbox 476 2679 572 2746; x_wconf 90' lang='grc'><strong>1661.</strong></span> <span class='ocrx_word' id='word_1_163' title='bbox 590 2679 636 2744; x_wconf 78' lang='lat' dir='ltr'>ut</span> <span class='ocrx_word' id='word_1_164' title='bbox 650 2679 677 2745; x_wconf 87' lang='lat' dir='ltr'>si</span> <span class='ocrx_word' id='word_1_165' title='bbox 693 2678 786 2763; x_wconf 89' lang='lat' dir='ltr'>plura</span> <span class='ocrx_word' id='word_1_166' title='bbox 808 2677 923 2744; x_wconf 90' lang='lat' dir='ltr'>sintin</span> <span class='ocrx_word' id='word_1_167' title='bbox 940 2678 1051 2743; x_wconf 86' lang='lat' dir='ltr'>eodem</span> <span class='ocrx_word' id='word_1_168' title='bbox 1074 2679 1197 2762; x_wconf 89' lang='lat' dir='ltr'>palatio</span> <span class='ocrx_word' id='word_1_169' title='bbox 1214 2679 1373 2758; x_wconf 88' lang='lat' dir='ltr'>Oratoria,</span> <span class='ocrx_word' id='word_1_170' title='bbox 1390 2681 1499 2746; x_wconf 86' lang='lat' dir='ltr'>omnia</span> 
     </span>
     <span class='ocr_line' id='line_1_19' title="bbox 214 2801 1498 2888; baseline 0 -18"><span class='ocrx_word' id='word_1_171' title='bbox 214 2805 327 2872; x_wconf 86' lang='lat' dir='ltr'>eodem</span> <span class='ocrx_word' id='word_1_172' title='bbox 355 2806 424 2871; x_wconf 90' lang='lat' dir='ltr'>iure</span> <span class='ocrx_word' id='word_1_173' title='bbox 454 2807 633 2870; x_wconf 84' lang='lat' dir='ltr'>conseatur.</span> <span class='ocrx_word' id='word_1_174' title='bbox 656 2801 782 2868; x_wconf 76' lang='grc'><strong>(111111.</strong></span> <span class='ocrx_word' id='word_1_175' title='bbox 805 2803 844 2870; x_wconf 83' lang='lat' dir='ltr'>de</span> <span class='ocrx_word' id='word_1_176' title='bbox 869 2801 959 2868; x_wconf 85' lang='lat' dir='ltr'>Orat.</span> <span class='ocrx_word' id='word_1_177' title='bbox 985 2803 1066 2868; x_wconf 82' lang='lat' dir='ltr'>dom.</span> <span class='ocrx_word' id='word_1_178' title='bbox 1091 2803 1168 2888; x_wconf 79' lang='lat' dir='ltr'>Gap.</span> <span class='ocrx_word' id='word_1_179' title='bbox 1192 2802 1296 2882; x_wconf 85' lang='lat' dir='ltr'><strong>XVII,</strong></span> <span class='ocrx_word' id='word_1_180' title='bbox 1322 2805 1352 2870; x_wconf 89' lang='grc'>4.</span> <span class='ocrx_word' id='word_1_181' title='bbox 1376 2803 1498 2870; x_wconf 85' lang='lat' dir='ltr'>Verum</span> 
     </span>
     <span class='ocr_line' id='line_1_20' title="bbox 214 2926 1499 3014; baseline 0.002 -20"><span class='ocrx_word' id='word_1_182' title='bbox 214 2929 296 2994; x_wconf 87' lang='lat' dir='ltr'>haec</span> <span class='ocrx_word' id='word_1_183' title='bbox 317 2929 356 2994; x_wconf 89' lang='lat' dir='ltr'>dc</span> <span class='ocrx_word' id='word_1_184' title='bbox 379 2928 551 3013; x_wconf 76' lang='lat' dir='ltr'>Episcopis</span> <span class='ocrx_word' id='word_1_185' title='bbox 574 2928 770 2995; x_wconf 75' lang='lat' dir='ltr'>dioecesanis</span> <span class='ocrx_word' id='word_1_186' title='bbox 792 2926 1004 3014; x_wconf 87' lang='lat' dir='ltr'>intelligenda</span> <span class='ocrx_word' id='word_1_187' title='bbox 1026 2932 1111 3006; x_wconf 90' lang='lat' dir='ltr'>sunt,</span> <span class='ocrx_word' id='word_1_188' title='bbox 1135 2950 1200 2994; x_wconf 93' lang='lat' dir='ltr'>non</span> <span class='ocrx_word' id='word_1_189' title='bbox 1223 2929 1262 2993; x_wconf 90' lang='lat' dir='ltr'>de</span> <span class='ocrx_word' id='word_1_190' title='bbox 1285 2927 1499 2996; x_wconf 81' lang='lat' dir='ltr'>Tituiaribus.</span> 
     </span>
    </p>
   </div>
   <div class='ocr_carea' id='block_1_3' title="bbox 215 3051 1501 3141">
    <p class='ocr_par' dir='ltr' id='par_1_3' title="bbox 215 3051 1501 3141">
     <span class='ocr_line' id='line_1_21' title="bbox 215 3051 1501 3141; baseline 0.001 -23"><span class='ocrx_word' id='word_1_191' title='bbox 215 3051 340 3120; x_wconf 92' lang='lat' dir='ltr'>Domus</span> <span class='ocrx_word' id='word_1_192' title='bbox 351 3057 460 3120; x_wconf 88' lang='lat' dir='ltr'>autem</span> <span class='ocrx_word' id='word_1_193' title='bbox 471 3053 708 3140; x_wconf 84' lang='lat' dir='ltr'>intelliguntur,</span> <span class='ocrx_word' id='word_1_194' title='bbox 720 3073 785 3118; x_wconf 90' lang='lat' dir='ltr'>non</span> <span class='ocrx_word' id='word_1_195' title='bbox 798 3073 876 3137; x_wconf 88' lang='lat' dir='ltr'>quas</span> <span class='ocrx_word' id='word_1_196' title='bbox 888 3053 1061 3137; x_wconf 91' lang='lat' dir='ltr'>utcumque</span> <span class='ocrx_word' id='word_1_197' title='bbox 1073 3051 1233 3118; x_wconf 88' lang='lat' dir='ltr'>habitant.</span> <span class='ocrx_word' id='word_1_198' title='bbox 1250 3075 1299 3119; x_wconf 89' lang='lat' dir='ltr'>ex.</span> <span class='ocrx_word' id='word_1_199' title='bbox 1312 3075 1361 3140; x_wconf 91' lang='lat' dir='ltr'>gr.</span> <span class='ocrx_word' id='word_1_200' title='bbox 1374 3054 1408 3118; x_wconf 95' lang='lat' dir='ltr'>in</span> <span class='ocrx_word' id='word_1_201' title='bbox 1420 3075 1501 3141; x_wconf 87' lang='lat' dir='ltr'>agro</span> 
     </span>
    </p>
   </div>
   <div class='ocr_carea' id='block_1_4' title="bbox 215 3177 1502 3388">
    <p class='ocr_par' dir='ltr' id='par_1_4' title="bbox 215 3177 1502 3388">
     <span class='ocr_line' id='line_1_22' title="bbox 215 3177 1501 3264; baseline 0 -20"><span class='ocrx_word' id='word_1_202' title='bbox 215 3179 392 3245; x_wconf 82' lang='lat' dir='ltr'>nistioaudi</span> <span class='ocrx_word' id='word_1_203' title='bbox 415 3197 519 3258; x_wconf 88' lang='lat' dir='ltr'>causa,</span> <span class='ocrx_word' id='word_1_204' title='bbox 536 3178 592 3243; x_wconf 88' lang='lat' dir='ltr'>sed</span> <span class='ocrx_word' id='word_1_205' title='bbox 614 3177 703 3243; x_wconf 83' lang='lat' dir='ltr'>sodes</span> <span class='ocrx_word' id='word_1_206' title='bbox 726 3177 761 3242; x_wconf 91' lang='lat' dir='ltr'>in</span> <span class='ocrx_word' id='word_1_207' title='bbox 784 3177 899 3262; x_wconf 92' lang='lat' dir='ltr'>quibus</span> <span class='ocrx_word' id='word_1_208' title='bbox 922 3177 989 3242; x_wconf 89' lang='lat' dir='ltr'>sive</span> <span class='ocrx_word' id='word_1_209' title='bbox 1012 3177 1046 3242; x_wconf 93' lang='lat' dir='ltr'>in</span> <span class='ocrx_word' id='word_1_210' title='bbox 1068 3177 1138 3262; x_wconf 89' lang='lat' dir='ltr'>ipsa</span> <span class='ocrx_word' id='word_1_211' title='bbox 1162 3177 1292 3243; x_wconf 88' lang='lat' dir='ltr'>civitate</span> <span class='ocrx_word' id='word_1_212' title='bbox 1316 3177 1501 3264; x_wconf 88' lang='lat' dir='ltr'>episcopali,</span> 
     </span>
     <span class='ocr_line' id='line_1_23' title="bbox 216 3299 1502 3388; baseline -0.001 -19"><span class='ocrx_word' id='word_1_213' title='bbox 216 3304 285 3369; x_wconf 87' lang='lat' dir='ltr'>sive</span> <span class='ocrx_word' id='word_1_214' title='bbox 300 3307 401 3384; x_wconf 82' lang='lat' dir='ltr'>extra,</span> <span class='ocrx_word' id='word_1_215' title='bbox 416 3301 626 3368; x_wconf 81' lang='lat' dir='ltr'>habitualiber</span> <span class='ocrx_word' id='word_1_216' title='bbox 640 3301 788 3368; x_wconf 86' lang='lat' dir='ltr'>resident.</span> <span class='ocrx_word' id='word_1_217' title='bbox 806 3299 840 3383; x_wconf 87' lang='grc'>3)</span> <span class='ocrx_word' id='word_1_218' title='bbox 856 3299 988 3366; x_wconf 89' lang='lat' dir='ltr'>Habent</span> <span class='ocrx_word' id='word_1_219' title='bbox 1010 3301 1215 3388; x_wconf 87' lang='lat' dir='ltr'>privilegium</span> <span class='ocrx_word' id='word_1_220' title='bbox 1232 3305 1323 3368; x_wconf 90' lang='lat' dir='ltr'>extra</span> <span class='ocrx_word' id='word_1_221' title='bbox 1338 3303 1502 3387; x_wconf 84' lang='lat' dir='ltr'>propriam</span> 
     </span>
    </p>
   </div>
   <div class='ocr_carea' id='block_1_5' title="bbox 219 3417 1629 3514">
    <p class='ocr_par' dir='ltr' id='par_1_5' title="bbox 219 3417 1629 3514">
     <span class='ocr_line' id='line_1_24' title="bbox 219 3417 1629 3514; baseline -0.002 -20"><span class='ocrx_word' id='word_1_222' title='bbox 219 3427 389 3494; x_wconf 88' lang='lat' dir='ltr'>dioecesim</span> <span class='ocrx_word' id='word_1_223' title='bbox 410 3428 472 3493; x_wconf 91' lang='lat' dir='ltr'>sibi</span> <span class='ocrx_word' id='word_1_224' title='bbox 495 3427 635 3514; x_wconf 85' lang='lat' dir='ltr'>eligendi</span> <span class='ocrx_word' id='word_1_225' title='bbox 659 3425 887 3492; x_wconf 86' lang='lat' dir='ltr'>confessarium</span> <span class='ocrx_word' id='word_1_226' title='bbox 910 3425 1110 3492; x_wconf 78' lang='lat' dir='ltr'>sacerdotem</span> <span class='ocrx_word' id='word_1_227' title='bbox 1133 3448 1227 3512; x_wconf 90' lang='lat' dir='ltr'>quem</span> <span class='ocrx_word' id='word_1_228' title='bbox 1242 3431 1376 3510; x_wconf 89' lang='lat' dir='ltr'>possunt</span> <span class='ocrx_word' id='word_1_229' title='bbox 1395 3447 1502 3492; x_wconf 86' lang='lat' dir='ltr'>secum</span> <span class='ocrx_word' id='word_1_230' title='bbox 1623 3417 1629 3432; x_wconf 74' lang='grc'>’</span> 
     </span>
    </p>
   </div>
   <div class='ocr_carea' id='block_1_6' title="bbox 218 3549 1553 4882">
    <p class='ocr_par' dir='ltr' id='par_1_6' title="bbox 218 3549 1553 4882">
     <span class='ocr_line' id='line_1_25' title="bbox 218 3549 1503 3631; baseline -0.004 -13"><span class='ocrx_word' id='word_1_231' title='bbox 218 3553 332 3618; x_wconf 86' lang='lat' dir='ltr'>ducere</span> <span class='ocrx_word' id='word_1_232' title='bbox 354 3553 389 3618; x_wconf 93' lang='lat' dir='ltr'>in</span> <span class='ocrx_word' id='word_1_233' title='bbox 412 3552 537 3618; x_wconf 88' lang='lat' dir='ltr'>diversa</span> <span class='ocrx_word' id='word_1_234' title='bbox 551 3551 638 3617; x_wconf 87' lang='lat' dir='ltr'>loca:</span> <span class='ocrx_word' id='word_1_235' title='bbox 662 3551 716 3616; x_wconf 92' lang='lat' dir='ltr'>bic</span> <span class='ocrx_word' id='word_1_236' title='bbox 738 3550 900 3631; x_wconf 67' lang='lat' dir='ltr'>tamensi</span> <span class='ocrx_word' id='word_1_237' title='bbox 920 3571 985 3614; x_wconf 90' lang='lat' dir='ltr'>non</span> <span class='ocrx_word' id='word_1_238' title='bbox 1009 3555 1059 3614; x_wconf 90' lang='lat' dir='ltr'>est</span> <span class='ocrx_word' id='word_1_239' title='bbox 1081 3549 1146 3614; x_wconf 88' lang='lat' dir='ltr'>iliis</span> <span class='ocrx_word' id='word_1_240' title='bbox 1169 3549 1325 3628; x_wconf 90' lang='lat' dir='ltr'>subditus,</span> <span class='ocrx_word' id='word_1_241' title='bbox 1349 3550 1444 3614; x_wconf 90' lang='lat' dir='ltr'>debet</span> <span class='ocrx_word' id='word_1_242' title='bbox 1461 3549 1503 3614; x_wconf 90' lang='lat' dir='ltr'>ab</span> 
     </span>
     <span class='ocr_line' id='line_1_26' title="bbox 220 3671 1504 3761; baseline -0.005 -19"><span class='ocrx_word' id='word_1_243' title='bbox 220 3675 388 3742; x_wconf 79' lang='lat' dir='ltr'>Ordinatio</span> <span class='ocrx_word' id='word_1_244' title='bbox 411 3676 475 3744; x_wconf 93' lang='lat' dir='ltr'>loci</span> <span class='ocrx_word' id='word_1_245' title='bbox 509 3697 576 3742; x_wconf 90' lang='lat' dir='ltr'>esse</span> <span class='ocrx_word' id='word_1_246' title='bbox 610 3674 817 3761; x_wconf 87' lang='lat' dir='ltr'>approbatus.</span> <span class='ocrx_word' id='word_1_247' title='bbox 849 3671 883 3754; x_wconf 89' lang='grc'>4)</span> <span class='ocrx_word' id='word_1_248' title='bbox 906 3672 1046 3738; x_wconf 90' lang='lat' dir='ltr'>Possunt</span> <span class='ocrx_word' id='word_1_249' title='bbox 1080 3672 1198 3738; x_wconf 87' lang='lat' dir='ltr'>habere</span> <span class='ocrx_word' id='word_1_250' title='bbox 1227 3671 1261 3736; x_wconf 92' lang='lat' dir='ltr'>in</span> <span class='ocrx_word' id='word_1_251' title='bbox 1290 3693 1348 3736; x_wconf 92' lang='lat' dir='ltr'>suo</span> <span class='ocrx_word' id='word_1_252' title='bbox 1371 3671 1504 3736; x_wconf 88' lang='lat' dir='ltr'>servitio</span> 
     </span>
     <span class='ocr_line' id='line_1_27' title="bbox 220 3795 1503 3886; baseline -0.006 -18"><span class='ocrx_word' id='word_1_253' title='bbox 220 3802 299 3868; x_wconf 88' lang='lat' dir='ltr'>duos</span> <span class='ocrx_word' id='word_1_254' title='bbox 323 3799 510 3881; x_wconf 74' lang='lat' dir='ltr'>canonicos,</span> <span class='ocrx_word' id='word_1_255' title='bbox 543 3800 598 3884; x_wconf 92' lang='lat' dir='ltr'>qui</span> <span class='ocrx_word' id='word_1_256' title='bbox 632 3798 885 3886; x_wconf 86' lang='lat' dir='ltr'>praebendarum</span> <span class='ocrx_word' id='word_1_257' title='bbox 917 3797 1041 3862; x_wconf 85' lang='lat' dir='ltr'>fructus</span> <span class='ocrx_word' id='word_1_258' title='bbox 1064 3797 1098 3862; x_wconf 89' lang='lat' dir='ltr'>in</span> <span class='ocrx_word' id='word_1_259' title='bbox 1128 3795 1273 3862; x_wconf 85' lang='lat' dir='ltr'>absentia</span> <span class='ocrx_word' id='word_1_260' title='bbox 1310 3795 1503 3880; x_wconf 84' lang='lat' dir='ltr'>percipiunt.</span> 
     </span>
     <span class='ocr_line' id='line_1_28' title="bbox 223 3919 1506 4011; baseline -0.007 -17"><span class='ocrx_word' id='word_1_261' title='bbox 223 3925 257 4010; x_wconf 85' lang='lat'>5)</span> <span class='ocrx_word' id='word_1_262' title='bbox 280 3926 420 3993; x_wconf 86' lang='lat' dir='ltr'>Possunt</span> <span class='ocrx_word' id='word_1_263' title='bbox 441 3925 491 3992; x_wconf 88' lang='lat' dir='ltr'>uti</span> <span class='ocrx_word' id='word_1_264' title='bbox 512 3925 692 4011; x_wconf 82' lang='lat' dir='ltr'>insignibus</span> <span class='ocrx_word' id='word_1_265' title='bbox 715 3921 955 4009; x_wconf 87' lang='lat' dir='ltr'>pontificalibus</span> <span class='ocrx_word' id='word_1_266' title='bbox 978 3923 1012 3988; x_wconf 91' lang='lat' dir='ltr'>in</span> <span class='ocrx_word' id='word_1_267' title='bbox 1034 3921 1114 3988; x_wconf 88' lang='lat' dir='ltr'>locis</span> <span class='ocrx_word' id='word_1_268' title='bbox 1137 3920 1292 4006; x_wconf 87' lang='lat' dir='ltr'>exemptis</span> <span class='ocrx_word' id='word_1_269' title='bbox 1316 3941 1391 3986; x_wconf 86' lang='lat' dir='ltr'>suae</span> <span class='ocrx_word' id='word_1_270' title='bbox 1415 3919 1506 3985; x_wconf 88' lang='lat' dir='ltr'>dioe-</span> 
     </span>
     <span class='ocr_line' id='line_1_29' title="bbox 222 4045 1504 4136; baseline -0.005 -20"><span class='ocrx_word' id='word_1_271' title='bbox 222 4052 312 4118; x_wconf 83' lang='lat' dir='ltr'>cesis.</span> <span class='ocrx_word' id='word_1_272' title='bbox 347 4049 381 4134; x_wconf 92' lang='grc'>6)</span> <span class='ocrx_word' id='word_1_273' title='bbox 415 4049 454 4116; x_wconf 91' lang='lat' dir='ltr'>In</span> <span class='ocrx_word' id='word_1_274' title='bbox 488 4049 727 4136; x_wconf 89' lang='lat' dir='ltr'>suspensionem</span> <span class='ocrx_word' id='word_1_275' title='bbox 761 4052 818 4113; x_wconf 89' lang='lat' dir='ltr'>aut</span> <span class='ocrx_word' id='word_1_276' title='bbox 851 4047 1057 4112; x_wconf 86' lang='lat' dir='ltr'>interdictum</span> <span class='ocrx_word' id='word_1_277' title='bbox 1091 4047 1159 4112; x_wconf 90' lang='lat' dir='ltr'>iure</span> <span class='ocrx_word' id='word_1_278' title='bbox 1191 4045 1294 4111; x_wconf 90' lang='lat' dir='ltr'>latum</span> <span class='ocrx_word' id='word_1_279' title='bbox 1327 4065 1504 4130; x_wconf 88' lang='lat' dir='ltr'>numquam</span> 
     </span>
     <span class='ocr_line' id='line_1_30' title="bbox 221 4169 1506 4260; baseline -0.006 -18"><span class='ocrx_word' id='word_1_280' title='bbox 221 4175 398 4257; x_wconf 87' lang='lat' dir='ltr'>incurrunt,</span> <span class='ocrx_word' id='word_1_281' title='bbox 421 4174 483 4240; x_wconf 89' lang='lat' dir='ltr'>nisi</span> <span class='ocrx_word' id='word_1_282' title='bbox 506 4173 659 4260; x_wconf 80' lang='lat' dir='ltr'>Episcopi</span> <span class='ocrx_word' id='word_1_283' title='bbox 682 4193 830 4258; x_wconf 86' lang='lat' dir='ltr'>expressa</span> <span class='ocrx_word' id='word_1_284' title='bbox 853 4172 974 4236; x_wconf 89' lang='lat' dir='ltr'>mentio</span> <span class='ocrx_word' id='word_1_285' title='bbox 997 4171 1067 4236; x_wconf 86' lang='lat' dir='ltr'>fiat.</span> <span class='ocrx_word' id='word_1_286' title='bbox 1094 4169 1128 4253; x_wconf 81' lang='lat'>7)</span> <span class='ocrx_word' id='word_1_287' title='bbox 1150 4169 1256 4236; x_wconf 85' lang='lat' dir='ltr'>Solius</span> <span class='ocrx_word' id='word_1_288' title='bbox 1279 4189 1388 4234; x_wconf 90' lang='lat' dir='ltr'>eorum</span> <span class='ocrx_word' id='word_1_289' title='bbox 1412 4169 1506 4235; x_wconf 88' lang='lat' dir='ltr'>testi·</span> 
     </span>
     <span class='ocr_line' id='line_1_31' title="bbox 221 4293 1502 4384; baseline -0.006 -18"><span class='ocrx_word' id='word_1_290' title='bbox 221 4300 330 4366; x_wconf 88' lang='lat' dir='ltr'>monio</span> <span class='ocrx_word' id='word_1_291' title='bbox 346 4299 485 4366; x_wconf 86' lang='lat' dir='ltr'>creditur</span> <span class='ocrx_word' id='word_1_292' title='bbox 499 4301 533 4364; x_wconf 87' lang='lat' dir='ltr'>in</span> <span class='ocrx_word' id='word_1_293' title='bbox 548 4299 631 4364; x_wconf 87' lang='lat' dir='ltr'>foro.</span> <span class='ocrx_word' id='word_1_294' title='bbox 653 4296 687 4380; x_wconf 88' lang='lat'>8)</span> <span class='ocrx_word' id='word_1_295' title='bbox 706 4295 938 4384; x_wconf 87' lang='lat' dir='ltr'>Indulgentias,</span> <span class='ocrx_word' id='word_1_296' title='bbox 954 4295 1110 4362; x_wconf 88' lang='lat' dir='ltr'>limitatas</span> <span class='ocrx_word' id='word_1_297' title='bbox 1125 4299 1235 4360; x_wconf 89' lang='lat' dir='ltr'>tamen</span> <span class='ocrx_word' id='word_1_298' title='bbox 1250 4297 1284 4359; x_wconf 88' lang='lat' dir='ltr'>et</span> <span class='ocrx_word' id='word_1_299' title='bbox 1298 4293 1502 4378; x_wconf 84' lang='lat' dir='ltr'>temporales,</span> 
     </span>
     <span class='ocr_line' id='line_1_32' title="bbox 223 4413 1553 4511; baseline -0.008 -18"><span class='ocrx_word' id='word_1_300' title='bbox 223 4426 396 4492; x_wconf 87' lang='lat' dir='ltr'>concedere</span> <span class='ocrx_word' id='word_1_301' title='bbox 418 4429 562 4511; x_wconf 87' lang='lat' dir='ltr'>possunt,</span> <span class='ocrx_word' id='word_1_302' title='bbox 585 4445 699 4509; x_wconf 89' lang='lat' dir='ltr'>nempe</span> <span class='ocrx_word' id='word_1_303' title='bbox 722 4423 756 4488; x_wconf 92' lang='lat' dir='ltr'>in</span> <span class='ocrx_word' id='word_1_304' title='bbox 780 4421 979 4487; x_wconf 87' lang='lat' dir='ltr'>dedicatione</span> <span class='ocrx_word' id='word_1_305' title='bbox 1012 4420 1161 4486; x_wconf 86' lang='lat' dir='ltr'>ecclesiae</span> <span class='ocrx_word' id='word_1_306' title='bbox 1184 4419 1278 4484; x_wconf 90' lang='lat' dir='ltr'>unius</span> <span class='ocrx_word' id='word_1_307' title='bbox 1301 4419 1376 4484; x_wconf 83' lang='lat' dir='ltr'>anni</span> <span class='ocrx_word' id='word_1_308' title='bbox 1399 4416 1507 4483; x_wconf 89' lang='lat' dir='ltr'>indul·</span> <span class='ocrx_word' id='word_1_309' title='bbox 1550 4413 1553 4420; x_wconf 75' lang='lat'>&#39;</span> 
     </span>
     <span class='ocr_line' id='line_1_33' title="bbox 223 4542 1509 4638; baseline -0.008 -22"><span class='ocrx_word' id='word_1_310' title='bbox 223 4549 362 4638; x_wconf 75' lang='lat' dir='ltr'>gentian,</span> <span class='ocrx_word' id='word_1_311' title='bbox 378 4550 413 4615; x_wconf 92' lang='lat' dir='ltr'>in</span> <span class='ocrx_word' id='word_1_312' title='bbox 428 4549 645 4615; x_wconf 80' lang='lat' dir='ltr'>anniversarIo</span> <span class='ocrx_word' id='word_1_313' title='bbox 669 4546 888 4626; x_wconf 88' lang='lat' dir='ltr'>dedicationis,</span> <span class='ocrx_word' id='word_1_314' title='bbox 904 4544 956 4611; x_wconf 90' lang='lat' dir='ltr'>vel</span> <span class='ocrx_word' id='word_1_315' title='bbox 972 4543 1062 4624; x_wconf 87' lang='lat' dir='ltr'>alias,</span> <span class='ocrx_word' id='word_1_316' title='bbox 1078 4543 1296 4631; x_wconf 78' lang='lat' dir='ltr'>indulgentias</span> <span class='ocrx_word' id='word_1_317' title='bbox 1311 4544 1354 4608; x_wconf 81' lang='lat'>40</span> <span class='ocrx_word' id='word_1_318' title='bbox 1375 4542 1509 4607; x_wconf 89' lang='lat' dir='ltr'>dierum.</span> 
     </span>
     <span class='ocr_line' id='line_1_34' title="bbox 223 4668 1509 4757; baseline -0.007 -16"><span class='ocrx_word' id='word_1_319' title='bbox 223 4673 262 4757; x_wconf 88' lang='grc'>9)</span> <span class='ocrx_word' id='word_1_320' title='bbox 277 4673 448 4742; x_wconf 76' lang='lat' dir='ltr'>Graviores</span> <span class='ocrx_word' id='word_1_321' title='bbox 463 4695 572 4740; x_wconf 90' lang='lat' dir='ltr'>eorum</span> <span class='ocrx_word' id='word_1_322' title='bbox 589 4693 702 4739; x_wconf 90' lang='lat' dir='ltr'>causae</span> <span class='ocrx_word' id='word_1_323' title='bbox 713 4671 839 4737; x_wconf 89' lang='lat' dir='ltr'>nonnisi</span> <span class='ocrx_word' id='word_1_324' title='bbox 852 4693 871 4736; x_wconf 91' lang='lat' dir='ltr'>a</span> <span class='ocrx_word' id='word_1_325' title='bbox 883 4671 1029 4738; x_wconf 87' lang='lat' dir='ltr'>Romano</span> <span class='ocrx_word' id='word_1_326' title='bbox 1041 4669 1201 4734; x_wconf 84' lang='lat' dir='ltr'>Pontifioe</span> <span class='ocrx_word' id='word_1_327' title='bbox 1215 4668 1349 4734; x_wconf 88' lang='lat' dir='ltr'>iudicari</span> <span class='ocrx_word' id='word_1_328' title='bbox 1364 4669 1509 4752; x_wconf 83' lang='lat' dir='ltr'>possunt.</span> 
     </span>
     <span class='ocr_line' id='line_1_35' title="bbox 223 4773 1510 4882; baseline -0.008 -15"><span class='ocrx_word' id='word_1_329' title='bbox 223 4799 317 4867; x_wconf 78' lang='lat' dir='ltr'>Coro.</span> <span class='ocrx_word' id='word_1_330' title='bbox 341 4797 431 4866; x_wconf 78' lang='lat' dir='ltr'>Tam.</span> <span class='ocrx_word' id='word_1_331' title='bbox 454 4797 538 4866; x_wconf 83' lang='lat' dir='ltr'>Sese.</span> <span class='ocrx_word' id='word_1_332' title='bbox 561 4795 651 4878; x_wconf 87' lang='lat' dir='ltr'><strong>XIII,</strong></span> <span class='ocrx_word' id='word_1_333' title='bbox 675 4797 753 4882; x_wconf 77' lang='lat' dir='ltr'>cap.</span> <span class='ocrx_word' id='word_1_334' title='bbox 769 4795 849 4863; x_wconf 88' lang='lat' dir='ltr'><strong>VIII</strong></span> <span class='ocrx_word' id='word_1_335' title='bbox 864 4797 903 4864; x_wconf 84' lang='lat' dir='ltr'>de</span> <span class='ocrx_word' id='word_1_336' title='bbox 920 4795 993 4878; x_wconf 82' lang='lat' dir='ltr'>Rof.</span> <span class='ocrx_word' id='word_1_337' title='bbox 1010 4793 1059 4861; x_wconf 80' lang='lat' dir='ltr'>of.</span> <span class='ocrx_word' id='word_1_338' title='bbox 1075 4793 1213 4859; x_wconf 79' lang='lat' dir='ltr'>Brasosi</span> <span class='ocrx_word' id='word_1_339' title='bbox 1231 4793 1270 4860; x_wconf 84' lang='lat' dir='ltr'>de</span> <span class='ocrx_word' id='word_1_340' title='bbox 1284 4773 1337 4876; x_wconf 77' lang='lat' dir='ltr'>off.</span> <span class='ocrx_word' id='word_1_341' title='bbox 1353 4797 1382 4858; x_wconf 86' lang='lat' dir='ltr'>et</span> <span class='ocrx_word' id='word_1_342' title='bbox 1394 4797 1510 4876; x_wconf 79' lang='lat' dir='ltr'>potest.</span> 
     </span>
    </p>
   </div>
   <div class='ocr_carea' id='block_1_7' title="bbox 0 0 1980 5690">
    <p class='ocr_par' dir='ltr' id='par_1_7' title="bbox 0 0 1980 5690">
     <span class='ocr_line' id='line_1_36' title="bbox 0 0 1980 5690; baseline 0 0"><span class='ocrx_word' id='word_1_343' title='bbox 0 0 1980 5690; x_wconf 95' lang='lat' dir='ltr'> </span> 
     </span>
    </p>
   </div>
  </div>
 </body>
</html>
