3872 5694
805 517 949 572 ...93-

325 692 437 770 Quoad
464 700 698 762 sacramentum
721 695 920 762 Matrimonii
950 697 1173 782 inquirendum
1196 719 1238 762 an
1265 697 1429 763 Perochus
1458 697 1519 763 ali·

233 819 361 904 quoties
376 819 411 884 in
426 841 510 886 anno
533 819 761 906 impedimenta
785 821 982 888 matrimonii
997 822 1116 907 populo
1134 827 1285 906 exponat,
1302 845 1343 888 an
1360 827 1435 888 ante
1451 845 1519 888 ma-

233 945 421 1011 trimonium
444 947 547 1011 trinae
563 947 644 1011 fiant
659 947 918 1012 denunciationes
941 947 1051 1012 diebus
1066 947 1158 1012 festis
1174 947 1213 1012 de
1228 953 1399 1033 praecepto
1415 949 1519 1034 iisque

232 1092 300 1136 non
323 1071 498 1150 continuis;
529 1095 570 1137 an
599 1073 708 1158 sponsi
731 1077 806 1138 ante
836 1073 1077 1138 matrimonium
1105 1071 1165 1138 soli
1189 1073 1309 1158 absque
1336 1075 1519 1158 praesentia

231 1193 404 1281 parentum
427 1201 663 1276 conversentur,
687 1219 728 1262 an
745 1197 845 1264 exteri
861 1197 912 1262 vel
937 1197 991 1282 qui
1008 1198 1062 1262 din
1085 1197 1216 1263 fuerunt
1232 1198 1380 1264 absentes
1396 1199 1517 1285 absque

232 1319 364 1386 licentia
388 1321 539 1407 Episcopi
563 1323 604 1388 ad
620 1323 860 1388 matrimonium
883 1322 1107 1402 admittantur,
1124 1346 1166 1388 an
1182 1323 1268 1389 domi
1284 1325 1352 1390 sine
1364 1325 1517 1410 Episcopi

232 1446 365 1512 licentia
387 1448 593 1512 matrimonia
617 1448 825 1530 celebrentur,
849 1469 891 1513 an
914 1452 1081 1514 contracta
1103 1447 1215 1514 eadem
1230 1449 1281 1514 die
1298 1449 1518 1514 describantur

231 1573 268 1637 in
290 1571 384 1638 libro.

322 1696 461 1762 Materia
492 1697 686 1764 visitationis
717 1701 811 1763 sunt:
836 1697 870 1780 2)
894 1697 1048 1782 reliquias
1078 1702 1111 1763 et
1134 1699 1291 1785 imagines
1322 1702 1516 1764 sanctorum.

234 1821 347 1899 Quoad
369 1822 526 1909 imagines
548 1823 772 1908 inquirendum
788 1827 837 1889 est
853 1845 893 1888 an
910 1824 943 1888 in
959 1823 1111 1889 Ecclesiis
1127 1827 1329 1908 exponantur
1344 1829 1517 1909 antequam

232 1947 275 2011 ab
298 1946 458 2032 Episcopo
482 1947 680 2033 approbatae
709 1947 839 2028 fuerint,
863 1969 905 2012 an
928 1948 1055 2032 procaci
1084 1951 1252 2014 venustate
1276 1948 1327 2014 vel
1354 1948 1518 2033 speciest

232 2070 338 2136 forma
359 2094 423 2138 nou
450 2093 522 2137 vera
546 2077 602 2139 aut
624 2072 755 2138 insolita
778 2073 923 2158 depietae
953 2073 1029 2138 sint.
1060 2071 1172 2150 Quoad
1203 2071 1354 2157 reliquias
1386 2068 1445 2160 (1),
1474 2096 1516 2140 an

233 2196 381 2262 decenter
403 2201 436 2262 et
459 2197 598 2263 fideliter
620 2199 851 2277 custodiantur,
883 2221 924 2262 an
947 2198 1053 2264 adsint
1080 2219 1190 2264 earum
1220 2197 1388 2285 catalogus
1419 2203 1516 2284 atque

231 2321 436 2388 authenticae
459 2327 565 2388 certae
587 2321 672 2403 fidei,
697 2345 749 2388 eas
773 2323 855 2387 enim
881 2343 1039 2406 exponere
1062 2343 1126 2388 nou
1149 2321 1235 2402 licet,
1260 2344 1299 2387 ne
1315 2323 1348 2388 in
1364 2322 1516 2389 Ecclesiis

231 2447 359 2531 quidem
383 2449 549 2534 exemptis,
572 2449 634 2514 nisi
656 2449 745 2533 prins
768 2447 953 2534 recognitae
976 2447 1235 2532 approbataeque
1259 2447 1325 2512 sint
1352 2448 1392 2511 ab
1421 2447 1516 2513 Ordi-

229 2573 332 2652 nario,
366 2575 496 2639 tametsi
530 2574 595 2638 iam
625 2573 780 2658 probatae
815 2573 962 2638 Romano
997 2571 1165 2638 Pontifice.
1201 2570 1309 2636 Simus
1342 2572 1374 2638 V
1405 2573 1515 2638 Const.

231 2695 404 2765 Dentibus.
428 2697 497 2764 Nec
518 2697 605 2778 licet,
620 2699 648 2764 si
671 2697 824 2782 reliquiae
847 2701 1030 2764 sanctorum
1053 2701 1086 2761 et
1108 2697 1393 2761 instrumentorum
1410 2697 1514 2761 domi·

229 2822 320 2888 nicae
344 2823 500 2911 passionis
516 2823 693 2908 permixtae
709 2823 774 2888 sint
789 2821 932 2906 reliquiis
947 2825 1141 2901 sanctorum,
1158 2825 1331 2906 antequam
1347 2826 1515 2906 separatae

228 2948 359 3014 fuerim.
383 2947 453 3014 Sec.
477 2947 547 3015 Ru.
572 2949 683 3016 Cosas.
709 2951 751 3014 20
774 2949 854 3013 febr.
881 2948 965 3013 1847
992 2945 1051 3032 (2).

319 3072 457 3142 Materia
479 3067 673 3139 visitationis
696 3071 730 3155 3)
754 3077 829 3138 sunt
851 3072 962 3159 legata
984 3073 1048 3157 pia.
1073 3071 1165 3138 Circa
1188 3093 1271 3155 quae
1288 3071 1514 3156 inquirendum

228 3220 272 3264 an
295 3197 403 3284 aliqua
426 3198 532 3263 adsint
555 3219 654 3282 eaque
666 3198 786 3283 scripta
808 3197 1006 3262 retineantur
1021 3196 1055 3261 in
1070 3195 1160 3261 libris
1185 3199 1282 3280 atque
1306 3195 1513 3281 impleantur,
1586 3237 1587 3240 =

227 3328 287 3390 aut
309 3323 420 3408 siquae
443 3344 526 3388 nova
548 3323 762 3388 instilunntur
785 3344 894 3388 eorum
916 3321 1035 3388 notiiia
1050 3321 1179 3387 Vicario
1197 3319 1345 3386 Generali
1369 3343 1514 3388 commu-

227 3449 355 3514 nicetur
376 3452 413 3514 ut
436 3447 616 3514 executioni
639 3447 839 3512 mandentur.

320 3573 371 3638 Ad
393 3573 489 3638 haec:
515 3570 548 3654 4)
573 3572 708 3638 materia
730 3571 924 3636 visitationis
948 3569 1031 3635 Sunt
1054 3568 1217 3634 Ecclesiae
1240 3590 1304 3633 non
1335 3571 1512 3650 exemptae,

226 3697 314 3764 circa
337 3721 415 3782 quas
438 3697 662 3783 inquirendum
686 3719 727 3761 an
749 3695 869 3760 liberae
901 3693 953 3760 vel
983 3696 1175 3779 patronatae
1205 3691 1280 3770 sint,
1312 3713 1353 3754 an
1383 3711 1513 3774 repara·

302 3927 340 3997 (1)
359 3929 494 3986 Districte
512 3929 677 4000 prohibetur
689 3944 783 3982 sacras
803 3925 936 3995 reliquias
951 3927 980 3980 et
993 3925 1161 3979 Sanctorum
1173 3921 1297 3986 exuvias,
1313 3921 1380 3976 licet
1395 3921 1513 3990 capsula

224 4019 388 4075 reconditas
407 4022 437 4076 et
455 4019 548 4090 sigillo
567 4017 700 4082 munitas,
720 4017 848 4086 quolibet
874 4017 1024 4085 praetextu
1050 4012 1137 4068 etiam
1162 4011 1319 4067 redimendi
1345 4027 1438 4066 emere
1462 4015 1512 4066 aut

224 4110 355 4165 mercari.
375 4109 431 4165 Leo
450 4109 516 4164 XIII
536 4109 571 4163 24
590 4107 714 4164 decemb.
737 4106 814 4162 1878.

301 4195 339 4265 (2)
358 4199 457 4264 Quoad
475 4198 578 4253 Beatos
592 4196 749 4252 notandum
768 4194 842 4264 quod
860 4193 904 4248 his
916 4209 969 4247 nec
987 4191 1128 4247 Ecclesiae
1147 4207 1200 4246 neo
1218 4189 1330 4246 Altaria
1348 4206 1513 4259 nuncupare

224 4285 305 4355 licet,
325 4287 351 4342 S.
370 4287 427 4343 Bit.
448 4286 534 4358 (long.
555 4287 586 4341 11
607 4285 705 4356 aprilis
727 4285 803 4350 1840,
823 4299 874 4339 nec
893 4299 989 4338 eornm
1006 4279 1141 4350 reliquias
1160 4279 1190 4334 in
1209 4277 1432 4350 processionibus
1458 4279 1513 4332 cir·

226 4375 376 4432 oumfarre.
396 4377 433 4432 Et
451 4393 547 4432 sorum
565 4375 704 4446 imagines
723 4377 752 4430 et
770 4372 906 4442 reliquiae
928 4371 958 4426 in
983 4371 1026 4424 his
1051 4372 1165 4426 tantum
1190 4367 1322 4423 Ecclesiis
1348 4366 1464 4422 retineri
1483 4369 1513 4421 et

226 4466 332 4536 exponi
351 4468 478 4536 possunt,
497 4465 527 4520 in
546 4464 646 4534 quibus
666 4481 761 4520 eorum
774 4458 896 4518 officium
915 4460 975 4516 fia'ri
993 4458 1174 4530 permittitur.
1188 4457 1319 4512 Urbanus
1333 4455 1401 4509 VIII
1416 4454 1510 4511 Const.

226 4555 448 4612 Sanctissimum.

302 4643 405 4699 Eorum
422 4660 489 4699 vero
508 4641 557 4712 qui
576 4659 638 4698 curn
658 4641 819 4697 sanctitatis
839 4640 917 4696 lama
935 4637 1101 4694 dormierint
1119 4635 1265 4705 Imagines,
1276 4651 1312 4688 ne
1330 4633 1361 4688 in
1380 4631 1512 4688 sacrariis

225 4733 342 4804 quidem
361 4732 542 4788 ecclesiarum
561 4731 682 4787 retinere
701 4731 776 4798 licat,
795 4731 851 4784 imo
870 4745 922 4784 nec
940 4728 971 4782 iu
992 4727 1180 4783 fenestrarum
1199 4723 1280 4778 vltris
1299 4722 1459 4792 depingere.
1483 4722 1510 4777 S.

224 4822 286 4879 nit„
307 4821 406 4892 congr.
426 4823 462 4877 24
479 4821 575 4878 martii
591 4821 667 4877 1860.
