3906 5690
1042 481 1183 536 -2g..

470 662 654 728 conferendi
678 663 803 728 ordines
834 665 965 727 eatenus
997 661 1120 741 adimit,
1145 665 1301 746 quatenus
1331 660 1386 746 qui
1417 661 1595 748 resignavit
1628 661 1669 726 ad
1699 683 1753 727 eos

469 788 677 853 conferendos
700 792 834 875 rogatus
858 788 898 853 ab
930 787 994 852 alio
1026 787 1187 872 Episcopo
1210 810 1275 853 non
1305 787 1416 866 fuerit;
1450 790 1477 854 si
1508 787 1573 854 loco
1604 788 1702 854 simul
1724 794 1753 854 et

470 911 634 995 dipnitoti,
667 912 796 977 omnino
827 912 930 978 eidem
961 911 1149 977 facultatem
1179 917 1309 977 revocat
1344 913 1391 976 ita
1413 916 1450 977 ut
1480 913 1507 976 si
1538 913 1609 996 quis
1644 913 1684 976 ab
1715 933 1753 977 eo

469 1037 635 1102 ordinatus
658 1037 757 1103 fuerit
788 1037 1005 1103 characterem
1037 1037 1165 1122 quidem
1194 1034 1339 1123 recipiat,
1364 1037 1418 1101 sed
1452 1037 1595 1102 ordinem
1625 1038 1754 1122 exsequi

469 1161 651 1227 nullatenus
674 1162 786 1247 possit.
811 1162 889 1247 Cap.
916 1163 931 1226 1
958 1161 996 1226 de
1020 1161 1174 1227 ordinatis
1197 1163 1238 1226 ab
1262 1160 1381 1246 Episc.,
1404 1160 1513 1246 ibique
1537 1159 1707 1226 Florianus.

847 1411 935 1494 511.
961 1447 1001 1457 —
1027 1411 1079 1476 Da
1103 1411 1421 1476 Tannsnnrmun..

557 1657 750 1740 Translatio,
782 1661 896 1726 sinon
919 1659 1065 1744 specifice
1089 1659 1266 1744 accipiatur
1288 1664 1432 1744 respectu
1456 1663 1584 1726 tantum
1614 1659 1750 1744 Episco-

467 1805 592 1867 porum,
616 1785 740 1849 definiri
756 1785 935 1870 generatim
958 1787 1065 1869 potest
1088 1784 1127 1849 de
1149 1805 1213 1848 una
1228 1783 1373 1849 Ecclesia
1396 1784 1436 1848 ad
1452 1783 1549 1849 aliam
1572 1782 1751 1868 Superioris

467 1910 659 1974 auctoritate
675 1909 763 1973 iacta
779 1909 928 1974 mutatio.
944 1909 1072 1974 Dicitur
1089 1909 1280 1974 auctoritate
1292 1907 1482 1993 Superioris,
1498 1911 1536 1973 ut
1550 1908 1752 1995 intelligatur

466 2033 508 2098 ad
531 2033 775 2098 translationem
797 2035 916 2118 requiri
939 2032 1117 2118 Superioris
1141 2056 1313 2114 assensum,
1337 2033 1510 2098 nonenim
1536 2055 1594 2118 pro
1618 2034 1750 2099 arbitrio

466 2161 574 2241 potest
585 2158 665 2241 quis,
682 2158 780 2241 priori
796 2158 931 2234 deserta,
942 2158 982 2222 ad
994 2157 1092 2222 aliam
1107 2157 1284 2223 Ecclesiam
1297 2159 1442 2223 transire.
1457 2157 1572 2243 Itaque
1588 2158 1628 2222 ad
1645 2161 1749 2223 trans-

466 2281 621 2346 lationem
645 2283 808 2368 Episcopi,
832 2283 1025 2348 auctoritate
1056 2305 1135 2368 opus
1165 2287 1214 2348 est
1243 2281 1382 2348 Romani
1412 2283 1588 2363 Pontificis,
1623 2283 1700 2367 Cap.
1730 2285 1750 2349 3

466 2405 506 2471 de
522 2407 671 2472 translat.
695 2409 802 2493 Episc.
826 2408 934 2492 ibique
958 2407 1131 2484 Florianum
1156 2408 1222 2472 sive
1253 2407 1430 2491 Episcopus
1462 2407 1505 2472 sit
1535 2411 1748 2484 consecratus,

466 2532 533 2595 siue
558 2535 685 2597 tantum
708 2533 826 2598 electus
849 2537 883 2598 et
906 2533 1123 2598 confirmatus.
1150 2531 1241 2608 Quod
1265 2531 1305 2596 ad
1331 2532 1491 2596 minorum
1522 2531 1750 2598 beneficiorum

465 2659 614 2734 rectores,
639 2657 756 2722 sufficit
779 2657 953 2724 auctoritas
978 2657 1141 2743 Episcopi,
1161 2657 1222 2722 nisi
1244 2655 1329 2722 forte
1352 2660 1471 2744 agatur
1494 2656 1533 2722 de
1556 2656 1746 2741 praelaturis

466 2781 633 2864 exemptis,
652 2800 732 2865 quae
749 2783 974 2848 auctoritatem
987 2784 1121 2868 exigunt
1134 2782 1272 2847 Romani
1283 2782 1461 2848 Pontificis.
1475 2781 1748 2847 Scuurnaeauuaua

465 2903 526 2969 loc.
552 2905 606 2969 cit.
630 2928 661 2970 n.
687 2907 717 2970 4.

554 3028 607 3094 Ad
630 3029 874 3095 translationem
895 3028 1068 3114 requiritur
1091 3032 1255 3113 praeterea
1278 3029 1363 3092 iusta
1386 3049 1491 3105 causa,
1508 3048 1589 3112 quae
1613 3047 1749 3112 genara-

367 3165 370 3173 “
466 3153 525 3216 tim
549 3155 696 3220 consistit
719 3155 753 3218 in
775 3155 965 3220 necessitate
988 3154 1040 3219 vel
1063 3153 1225 3220 Ecclesiae
1256 3152 1409 3218 utilitate.
1435 3150 1617 3216 Translatio
1640 3151 1750 3236 itaque

425 3347 437 3366 ,
465 3277 534 3342 lieri
556 3279 687 3363 poterit,
704 3280 731 3344 si
753 3279 931 3364 Episcopus
956 3279 1076 3343 aliusve
1099 3277 1266 3342 Praelatus
1282 3276 1316 3340 in
1331 3297 1388 3340 sua
1404 3273 1548 3340 Ecclesia
1571 3279 1643 3340 tuto
1659 3297 1749 3340 oom-

464 3404 583 3468 morari
598 3426 662 3469 non
675 3405 786 3487 possit,
803 3425 851 3468 ex.
869 3425 918 3490 gr.
935 3407 1023 3468 metu
1035 3403 1177 3466 hostium
1188 3403 1334 3486 urgente,
1351 3400 1432 3465 aeris
1448 3399 1681 3479 insalubritate,
1698 3399 1750 3464 vel

463 3529 491 3593 si
516 3551 554 3594 ex
577 3528 759 3594 huiusmodi
781 3527 991 3594 translatione
1013 3527 1116 3592 maius
1138 3525 1259 3590 bonum
1281 3523 1451 3590 universali
1475 3529 1531 3590 aut
1560 3525 1749 3610 particulari

464 3654 628 3720 Ecclesiae
651 3653 863 3719 obventurum
885 3655 1040 3738 speretur.
1057 3651 1178 3717 Canon.
1195 3652 1248 3730 34,
1265 3650 1368 3717 Causa
1393 3652 1424 3730 7,
1441 3655 1565 3734 quaest.
1584 3652 1612 3714 l.
1629 3649 1749 3734 Aliqua

463 3779 627 3862 igiturex
651 3777 701 3842 his
724 3777 826 3842 causis
852 3776 893 3840 ad
916 3775 1159 3842 translationem
1183 3796 1367 3840 concurrere
1391 3775 1495 3854 debet,
1512 3779 1550 3852 ut
1568 3773 1656 3839 licite
1680 3775 1749 3852 fiat,

463 3924 540 3966 nam
555 3901 744 3966 ambitiosae
768 3900 1004 3982 translationes,
1021 3923 1103 3985 quae
1126 3901 1195 3967 sola
1210 3901 1390 3988 pinguioris
1412 3900 1558 3966 beneficii
1575 3899 1750 3984 cupiditate

463 4027 557 4106 fiunt,
589 4049 608 4090 a
642 4027 740 4091 sacris
763 4027 937 4091 canonibus
969 4027 1201 4111 improbantur.
1237 4025 1385 4094 Ceterum
1418 4025 1588 4092 translatio
1619 4025 1746 4109 proprie

463 4151 550 4215 dicta
573 4149 765 4236 regulariter
788 4172 807 4214 a
830 4150 946 4216 minori
962 4150 1002 4216 ad
1018 4151 1173 4216 maiorem
1189 4150 1354 4216 ecclesiam
1370 4149 1440 4215 fieri
1463 4150 1574 4228 debet3
1591 4147 1748 4214 Scamnu-

463 4296 599 4338 cauuara
629 4274 651 4338 l.
676 4295 703 4338 c.
726 4297 758 4339 n.
785 4276 814 4339 1.
839 4296 908 4360 cap.
933 4277 963 4340 4.
988 4275 1026 4340 de
1050 4275 1163 4341 transl.
1186 4275 1294 4360 Episc.
1327 4275 1474 4340 Diximus
1497 4273 1625 4360 proprie
1648 4274 1745 4352 dicta,

463 4399 539 4483 quia
562 4397 644 4462 nihil
667 4398 802 4483 impedit
825 4401 994 4484 quominus
1018 4402 1071 4485 qui
1097 4401 1251 4464 maiorem
1274 4399 1381 4464 sedem
1403 4399 1592 4484 simpliciter
1618 4399 1749 4478 dimisit,
1828 4389 1830 4398 ¹

463 4522 576 4587 deinde
604 4522 643 4587 ad
671 4523 767 4588 aliam
798 4525 953 4592 minorem
980 4529 1121 4591 vocetur.
1157 4523 1316 4589 Frouruus
1348 4524 1382 4588 in
1413 4545 1484 4609 cap.
1518 4525 1535 4587 1
1568 4523 1606 4588 de
1636 4523 1749 4588 transl.

462 4646 570 4731 Episc.
594 4671 626 4713 n.
651 4649 704 4714 20.

552 4771 604 4838 Ad
619 4773 712 4839 haec:
729 4774 763 4838 in
778 4774 987 4840 translatione
1003 4774 1178 4859 requiritur
1193 4793 1363 4838 consensus
1379 4771 1456 4851 eius,
1474 4771 1529 4855 qui
1545 4771 1748 4852 transfertur,
