3872 5694
810 549 952 603 ..91-

237 751 297 814 pro
320 727 447 794 feminis
471 733 503 794 et
527 732 563 794 ut
587 727 740 811 probatae
757 727 844 792 vitae
860 726 1097 792 institutoribus
1114 727 1336 813 magisterium
1359 749 1523 794 commen·

239 855 342 920 detur.

326 979 402 1058 Res,
426 999 507 1063 quae
522 978 690 1044 materiam
706 977 900 1043 visitationis
916 979 1126 1057 constituunt,
1142 981 1231 1043 sunt:
1250 981 1282 1060 1)
1305 977 1523 1046 Sacramenta.

236 1106 283 1172 Et
298 1105 403 1190 quoad
421 1104 625 1190 Baptlsmum
639 1103 779 1188 inquiret
802 1103 980 1188 Episcopus
1004 1124 1045 1167 en
1068 1103 1141 1168 fons
1163 1104 1366 1188 baptismalis
1389 1125 1428 1169 ex
1450 1126 1522 1170 ma-

236 1231 319 1298 teria
342 1229 445 1296 solida
467 1229 631 1294 confectus
655 1229 830 1313 ceterisque
853 1227 946 1294 rebus
971 1227 1012 1293 ad
1034 1228 1231 1314 baptismum
1253 1231 1437 1296 necessariis
1460 1231 1524 1295 rite

237 1357 412 1422 instructus
435 1355 566 1432 existat3
591 1355 674 1420 circa
697 1358 823 1438 tompus
839 1353 1002 1438 baptismi,
1019 1375 1061 1418 an
1075 1353 1254 1420 infantibus
1269 1355 1356 1420 ultra
1371 1361 1436 1420 tres
1455 1355 1524 1421 dies

240 1483 419 1559 differatur;
443 1481 526 1546 circa
548 1481 689 1560 modum,
719 1502 761 1544 an
784 1483 875 1545 extra
893 1467 1121 1546 ¹necessitatem
1150 1481 1334 1547 conferatur
1361 1481 1457 1556 domi,
1481 1503 1522 1546 au

130 1606 133 1613 ’
238 1609 446 1692 imponantur
474 1605 675 1671 ethnicorum
703 1607 844 1684 nomina,
875 1627 917 1670 an
946 1627 1102 1690 personae
1132 1606 1298 1693 legitimae
1321 1606 1356 1670 in
1379 1606 1523 1691 patrinos

240 1733 415 1819 eligantur3
440 1733 524 1796 circa
547 1731 744 1810 obstetrices,
769 1753 810 1795 au
835 1731 1035 1797 examinatae
1058 1731 1123 1797 sint
1146 1735 1179 1797 et
1202 1731 1410 1817 approbatae.

327 1856 440 1934 vioad
462 1861 697 1922 sacramentum
713 1855 974 1923 confirmationis
989 1856 1213 1940 inquirendum
1228 1857 1268 1922 ab
1285 1857 1446 1942 Episcopo
1461 1862 1523 1934 est,

241 2005 283 2048 an
306 1983 345 2047 ad
361 2003 432 2047 eam
455 1981 668 2047 admittantur
690 1981 829 2046 minores
852 1981 1019 2066 septennio
1041 1986 1076 2047 et
1098 1981 1201 2046 adulti
1224 2003 1289 2047 non
1312 1981 1458 2062 confessi,
1482 2002 1523 2046 an

241 2107 405 2194 legitimae
427 2127 581 2192 personae
604 2107 638 2170 in
661 2107 805 2191 patrinos
829 2105 1001 2192 eligantur.

330 2231 441 2309 Quoad
464 2234 699 2298 sacramentum
722 2230 946 2296 Eucharistiae
969 2231 1193 2316 inquirendum
1208 2231 1292 2298 circa
1314 2231 1444 2296 modum
1460 2251 1525 2316 qno

239 2361 394 2436 servatur,
418 2380 459 2423 an
481 2359 515 2422 in
538 2356 756 2436 tabernaculo,
774 2357 859 2440 quod
882 2357 1021 2422 exterius
1044 2357 1088 2422 sit
1111 2357 1224 2422 decens
1239 2361 1272 2422 et
1288 2377 1430 2442 conopeo
1446 2377 1524 2422 oon·

237 2488 369 2562 tectum,
387 2483 508 2568 pariter
529 2482 652 2548 decenti
677 2481 854 2566 colorisque
877 2482 954 2546 ritui
979 2503 1131 2569 congruo,
1147 2483 1280 2548 interius
1296 2487 1404 2548 autem
1423 2481 1524 2546 serico

239 2629 347 2694 panno
376 2607 657 2686 circumvestitam,
681 2606 816 2690 denique
846 2605 963 2672 ostiolo
996 2607 1088 2671 firmo
1118 2607 1310 2672 instructum
1339 2629 1412 2672 cum
1441 2605 1523 2671 clavi

237 2733 372 2812 decenti,
397 2753 478 2817 quae
503 2729 675 2817 diligenter
698 2751 797 2816 penes
829 2729 1011 2796 Parochum
1043 2731 1196 2796 custodiri
1226 2731 1320 2795 debet
1349 2730 1376 2796 si
1406 2733 1526 2816 agatur

238 2858 278 2924 de
301 2855 433 2923 ecclesia
448 2855 637 2941 parochiali,
660 2855 688 2920 si
711 2856 750 2920 de
772 2854 970 2935 monialium,
987 2877 1082 2940 penes
1106 2854 1346 2940 cappellanum,
1362 2875 1427 2920 non
1447 2875 1524 2919 vero

236 3005 334 3068 penes
357 2982 453 3067 ipses.
475 2981 704 3066 Inquireudum
727 2984 902 3065 praeterea,
919 3002 960 3046 an
983 2981 1066 3065 pixis
1089 2981 1133 3046 sit
1154 2985 1309 3067 argentea
1332 2985 1389 3046 ant
1404 3001 1443 3046 ex
1459 2979 1524 3045 alio
1602 2975 1604 2978 ’

237 3106 373 3174 metallo
397 3107 522 3173 decenti
545 3111 643 3192 atque
665 3106 752 3172 intus
777 3107 928 3171 inaurata
951 3105 1123 3190 debitoque
1146 3103 1295 3191 operculo
1326 3111 1359 3170 et
1382 3125 1524 3191 conopeo

241 3235 408 3309 contecta;
432 3253 473 3297 an
496 3235 623 3317 praeter
646 3231 786 3315 pixidem
810 3230 886 3314 quid
911 3230 1000 3295 aliud
1022 3229 1098 3296 licet
1120 3252 1246 3296 sacrum
1261 3231 1295 3294 in
1318 3231 1526 3296 tabernaculo

236 3361 398 3423 servetur:
423 3357 508 3442 quod
531 3355 557 3422 si
580 3356 749 3440 reperitur,
772 3355 860 3420 illico
884 3355 1111 3420 removendum
1134 3361 1192 3421 est.
1228 3354 1456 3440 Inquireudum
1483 3379 1525 3421 an

236 3481 401 3567 lampades
425 3485 500 3546 ante
524 3479 626 3546 altare
649 3479 848 3547 tabernaculi
871 3481 928 3546 diu
952 3483 1114 3564 noctuque
1138 3479 1327 3558 colluceant,
1358 3503 1399 3546 an
1421 3481 1525 3564 parti·

238 3605 330 3672 culae
354 3609 556 3672 consecratae
586 3603 698 3672 hieme'
725 3604 916 3690 quindecim,
941 3609 1063 3669 aestate
1095 3608 1168 3668 octo
1204 3605 1381 3688 quibusque
1414 3603 1526 3668 diebus

236 3736 441 3798 renoventur.
457 3729 685 3815 Inquireudum
701 3751 743 3794 an
757 3729 792 3794 in
808 3727 961 3794 Ecclesiis
976 3727 1146 3808 ruralibus,
1161 3729 1195 3792 in
1211 3727 1325 3811 quibus
1341 3725 1398 3793 SS.
1411 3725 1525 3793 Sacra·

237 3860 383 3922 mentum
405 3861 595 3934 asservatur,
612 3853 826 3939 cappellanus
848 3853 988 3919 resideat
1010 3856 1043 3918 et
1067 3852 1209 3938 qnotidie
1224 3851 1355 3918 missam
1375 3851 1525 3932 celebret,

238 3981 340 4046 teneri
365 3980 449 4044 enim
472 3980 513 4044 ad
535 3983 705 4064 utrumque
728 3977 779 4044 vel
802 4000 860 4063 per
881 3999 925 4057 se,
949 3977 1001 4043 vel
1031 3999 1088 4062 per
1119 3977 1229 4057 alium,
1254 3976 1429 4043 declaravit
1452 3975 1524 4043 Sao.

238 4105 307 4170 Rit.
332 4105 450 4191 Gongr.
474 4104 508 4168 in
532 4103 694 4170 Firmano
710 4103 760 4168 die
779 4103 820 4168 16
844 4103 953 4168 martii
979 4103 1076 4168 1833.
1094 4103 1243 4169 Ceterum
1267 4102 1445 4188 Episcopus
1468 4123 1527 4187 per

239 4229 344 4295 edicta
366 4227 400 4293 in
423 4229 567 4294 sacristia
590 4227 750 4314 affigenda
766 4248 884 4312 poenas
907 4248 965 4311 pro
989 4225 1133 4311 qualibet
1148 4226 1243 4311 culpa
1257 4227 1292 4292 in
1308 4227 1527 4293 asservatione

239 4353 463 4418 Eucharistiae
479 4352 647 4417 commissa
670 4352 863 4417 constituere
879 4351 974 4416 debet
990 4351 1024 4415 in
1040 4373 1104 4431 eos,
1121 4351 1176 4435 qui
1192 4351 1232 4416 ed
1249 4350 1404 4416 eiusmodi
1419 4355 1527 4416 custo·

240 4477 327 4543 diam
350 4481 514 4556 tenentum
538 4481 571 4542 et
595 4475 807 4543 Antistiitbus
830 4476 892 4542 hac
914 4477 948 4542 in
964 4498 998 4541 re
1014 4475 1186 4542 facultates
1203 4476 1319 4541 dantur
1335 4475 1525 4559 procedendi

240 4605 353 4667 contra
375 4601 539 4688 regulares
563 4606 596 4667 et
629 4605 795 4686 exemptos
825 4601 1019 4667 cumulative
1052 4621 1125 4666 cum
1158 4621 1268 4665 eorum
1302 4598 1527 4684 Superioribus

239 4727 453 4814 generahbus.
478 4725 547 4792 Sao.
571 4727 663 4792 Corvo.
688 4726 763 4791 Ena.
788 4749 825 4791 nn
848 4725 927 4791 Rae.
951 4725 1016 4790 litt.
1041 4724 1160 4809 encycl.
1177 4726 1196 4789 9
1213 4724 1294 4789 febr.
1314 4725 1410 4790 1751.
1434 4723 1527 4792 Circa
1588 4735 1591 4742 '

239 4850 370 4916 modum
394 4873 457 4936 qno
480 4851 634 4936 recipitur
656 4855 689 4918 et
712 4851 854 4918 defertur
876 4841 1098 4934 Eucharistia,
1115 4849 1256 4934 inquiret
1283 4848 1462 4936 Episcopus
1485 4871 1527 4914 aa
