3906 5690
786 505 929 562 ..53-

213 685 414 772 congregati,
438 684 465 750 si
484 684 664 769 Episcopus
687 683 806 752 alienet
829 685 915 768 quod
937 683 978 750 ad
1001 684 1167 752 ecclesiam
1191 685 1416 768 cathedralem,
1432 685 1499 754 imo

215 812 315 876 etiam
337 810 378 876 ad
400 831 544 876 mensam
566 831 658 876 suam
681 807 895 894 episcopalem
917 810 1067 894 pertinet.
1084 809 1120 876 Si
1142 809 1309 878 Praelatus
1331 834 1381 878 res
1398 812 1499 878 eccle·

212 938 281 1004 siae
304 935 496 1022 collegiatae
521 938 578 1000 sut
602 933 822 1000 conventualis
846 933 1014 1015 distrabat,
1038 921 1234 1002 necessarius
1249 939 1307 1022 xest
1330 957 1499 1004 consensus

215 1061 303 1127 illius
320 1059 457 1148 Collegii
473 1063 530 1126 aut
546 1060 740 1126 Conventus.
765 1057 799 1141 2)
816 1057 1003 1124 Auctoritas
1019 1057 1208 1144 Superioris,
1224 1061 1346 1126 scilicet
1361 1059 1500 1127 Romani

209 1183 391 1264 Pontibus,
413 1185 462 1250 ita
484 1185 571 1250 enim
604 1185 768 1250 demotum
791 1187 840 1250 est
864 1205 883 1248 a
907 1183 1059 1249 Gereonio
1088 1183 1220 1269 XOap.
1257 1185 1500 1252 Goaeudtissimo

215 1309 246 1374 2.
279 1309 317 1374 de
341 1310 407 1374 reb.
432 1307 510 1375 eccl.
533 1331 599 1374 non
629 1307 787 1374 alienand.
810 1308 845 1374 in
869 1309 900 1372 6.
935 1311 969 1374 et
992 1329 1011 1372 a
1034 1307 1137 1374 Psuno
1166 1307 1200 1374 Π
1228 1309 1262 1374 in
1286 1310 1342 1374 cit.
1365 1309 1499 1376 Extrav.

214 1423 483 1509 neocaesarea).
500 1424 714 1508 Excipiuntur
728 1425 763 1489 in
778 1424 839 1490 hac
863 1423 972 1490 Gonst.
989 1423 1109 1490 locatio
1125 1424 1166 1490 ad
1182 1423 1355 1492 triennium
1371 1429 1406 1492 et
1420 1425 1499 1492 alie·

286 1697 325 1765 (1)
344 1700 377 1754 ln
389 1696 578 1754 Instructione
598 1697 660 1753 Sac.
681 1697 781 1767 Congr.
801 1697 861 1752 Eid.
880 1696 962 1766 Prop.
982 1697 1038 1754 diei
1050 1698 1159 1753 salutii
1172 1698 1240 1754 1867
1255 1717 1305 1769 pro
1324 1699 1498 1757 alienatione

212 1787 352 1842 bonorum
371 1785 626 1842 ecclesiasticorum
644 1785 795 1856 sequentia
808 1786 922 1841 decreta
940 1789 1015 1842 sunt.

287 1875 363 1930 1.1n
383 1874 543 1930 venditione
561 1875 698 1930 bonorum
725 1874 986 1943 ecclesiasticorum,
1010 1875 1211 1944 praemittatur
1229 1876 1391 1932 eorumdem
1415 1877 1499 1932 aesti-

214 1963 303 2020 matio
314 1963 434 2034 aprobis
446 1964 544 2033 peritis
557 1963 662 2032 scripto
675 1961 809 2020 facienda
816 1985 823 2030 ;
841 1963 993 2020 audiantur
1010 1981 1107 2020 omnes
1118 1964 1254 2020 interesse
1268 1965 1421 2032 habentes;
1435 1982 1500 2021 con·

213 2055 273 2108 stet
285 2053 320 2108 de
332 2051 456 2108 evidenti
466 2051 608 2108 Ecclesiae
621 2051 790 2108 necessitate
803 2052 849 2108 uel
860 2051 1002 2108 utilitate:
1017 2053 1177 2108 venduntur
1190 2052 1287 2108 favore
1297 2053 1411 2108 maioris
1424 2054 1500 2110 obla·

213 2141 284 2197 toris
299 2145 328 2198 et
341 2159 397 2198 non
415 2141 517 2198 minori
529 2141 620 2211 pretio
636 2157 721 2212 quam
734 2141 810 2211 quod
822 2159 841 2196 a
852 2129 1004 2212 praedictis
1015 2141 1114 2211 peritis
1127 2142 1214 2198 fuerit
1227 2143 1421 2210 aestimatum
1439 2161 1500 2214 pre·

214 2229 286 2284 tium
304 2231 340 2285 ab
360 2233 485 2300 emptore
497 2229 608 2300 integre
620 2229 747 2286 solvatur
757 2229 789 2284 in
801 2233 868 2285 actu
885 2230 1086 2300 stipulationis,
1100 2233 1130 2286 et
1142 2231 1294 2288 collocetur
1307 2231 1338 2286 iu
1350 2231 1498 2302 frugifero,

212 2322 275 2375 tuto
295 2335 328 2374 ac
346 2319 424 2376 licito
443 2319 659 2386 investiment03
678 2319 754 2390 quod
772 2319 797 2374 si
814 2337 871 2374 non
884 2319 937 2375 erit
949 2319 979 2375 in
991 2323 1132 2390 promptu.
1147 2321 1305 2390 deponatur
1328 2321 1450 2391 pretium
1468 2321 1499 2376 in

215 2407 311 2478 aliqua
329 2425 416 2478 capsa
433 2408 554 2477 publica,
573 2408 620 2463 vel
638 2409 714 2479 apud
733 2409 859 2480 aliquam
877 2425 1028 2478 personam
1049 2411 1196 2478 spectatae
1223 2409 1374 2480 probitatis
1394 2413 1423 2465 et
1440 2409 1498 2466 ido·

213 2495 338 2562 peitatis,
357 2499 471 2566 recepta
488 2499 586 2552 tamen
604 2497 735 2553 mutiens
754 2498 859 2567 scripto
878 2501 1002 2564 exarata,
1019 2515 1105 2567 penes
1125 2499 1219 2568 ipsum
1237 2497 1433 2554 Patriarcharn
1452 2499 1499 2554 vel

214 2585 384 2656 Episcopum
410 2585 553 2651 ecclesiae,
582 2585 619 2641 ad
646 2603 733 2656 qnam
760 2586 903 2656 pertinent
920 2587 996 2645 bone
1022 2587 1146 2654 vendita,
1174 2587 1385 2643 accuratissime
1408 2591 1499 2644 custo·

214 2673 327 2730 dienda.

285 2764 311 2818 2.
330 2763 364 2817 In
381 2762 636 2832 permutationibus
662 2761 862 2832 praemittatur
887 2763 1047 2819 aestimatio
1074 2763 1227 2819 fundorum
1246 2781 1263 2818 a
1281 2763 1376 2834 probis
1400 2763 1499 2834 peritis

159 2849 161 2857 ¹
214 2851 320 2921 scripto
339 2851 488 2916 facienda;
508 2851 659 2907 audiantur
677 2869 773 2907 ornnes
791 2851 927 2908 intetesse
946 2853 1099 2920 habentes;
1122 2854 1233 2909 constet
1251 2853 1286 2909 de
1305 2853 1431 2909 evidenti
1450 2855 1499 2908 Ec·

214 2940 317 2996 clasiae
335 2939 479 3006 utilitatc;
498 2941 576 2995 etin
594 2942 755 2996 contractus
783 2940 967 3010 stipulatione
997 2957 1128 3011 expresse
1156 2945 1314 2997 reservetur
1340 2941 1408 2996 hinc
1433 2941 1500 3000 inde

213 3048 355 3102 regressus
375 3031 411 3085 ad
430 3031 575 3100 primaeva
591 3029 655 3086 iura
672 3029 703 3084 in
723 3047 790 3085 casu
809 3030 964 3086 emenonis.
985 3029 1099 3098 Quodsi
1112 3031 1193 3086 valor
1211 3029 1294 3086 fundi
1312 3031 1499 3089 ecclesiastici

212 3125 327 3190 superet
344 3120 470 3177 valorem
488 3119 570 3175 fundi
588 3119 638 3190 qui
657 3120 693 3174 ab
711 3119 832 3176 ecclesia
845 3119 876 3174 in
888 3119 1128 3188 permutationem
1144 3119 1288 3190 recipitur,
1308 3136 1343 3177 ea
1360 3121 1499 3190 pecuniae

213 3210 256 3264 vis
275 3227 348 3279 quae
366 3210 403 3264 ad
421 3209 672 3279 peraequationem
690 3211 852 3264 contractus
871 3211 915 3265 est
932 3208 1101 3274 necessaria,
1122 3209 1257 3264 ecclesiae
1276 3209 1455 3278 persolvatur
1466 3209 1498 3264 in

213 3302 280 3354 actu
298 3298 499 3368 stipulationis,
518 3301 547 3352 et
566 3297 718 3354 collocetur
735 3297 766 3352 in
785 3297 912 3366 honesta
930 3299 993 3354 tuto
1020 3315 1054 3354 ac
1072 3297 1151 3353 licito
1174 3297 1391 3364 investiment03
1411 3301 1498 3367 atque

214 3386 329 3442 interim
347 3387 504 3454 deponatur
521 3387 564 3440 uti
583 3403 669 3456 supra
682 3385 713 3440 in
727 3403 813 3455 capsa
824 3386 946 3456 publica,
960 3387 1006 3442 vel
1019 3387 1095 3456 apud
1113 3403 1263 3456 personam
1279 3389 1425 3456 spectatae
1437 3404 1499 3456 pro·

216 3473 317 3526 bitatis
336 3475 423 3539 atque
440 3471 612 3528 idoneitatis.

289 3560 315 3613 3.
333 3558 367 3611 In
377 3559 567 3614 contractibus
580 3561 796 3628 emphyteuticis
806 3561 936 3616 ineundis
945 3561 1146 3630 praemittatur
1161 3561 1322 3618 aestimatio
1335 3563 1499 3629 peritorum

217 3645 369 3703 audiantur
390 3663 487 3703 omnes
513 3646 648 3702 intetessa
676 3647 829 3713 habentes;
858 3652 968 3704 constet
995 3649 1030 3703 de
1049 3649 1175 3704 evidenti
1192 3647 1337 3702 Ecclesiae
1358 3647 1500 3708 utilitate;

216 3753 308 3792 canon
328 3735 363 3791 ab
383 3735 569 3805 emphyteuta
587 3734 788 3804 persolvendus
808 3736 922 3790 nonsit
940 3737 1038 3802 minor,
1059 3753 1145 3806 quam
1163 3736 1212 3806 qni
1226 3734 1355 3804 aperitis
1374 3737 1500 3792 statutus

217 3825 319 3892 fuerit;
338 3823 486 3894 stipulatio
506 3824 611 3893 scripto
631 3823 812 3893 consignetur
831 3823 876 3880 cui
895 3825 1045 3895 descriptio
1065 3824 1147 3880 fundi
1159 3842 1194 3880 nc
1206 3824 1411 3894 topographica
1430 3824 1500 3879 eius·

214 3915 280 3970 dem
298 3914 398 3969 tabula
410 3912 578 3980 adiicietur;
598 3915 726 3981 praestet
738 3912 922 3982 emphyteuta
933 3913 1167 3984 hypothecariam
1184 3912 1397 3984 inscriptionem
1417 3930 1500 3982 super

215 4003 271 4060 alio
290 4003 391 4059 idoneo
411 4021 460 4058 sno
479 4002 576 4068 fundo,
595 4005 646 4058 ant
665 4001 768 4058 saltem
786 4002 840 4058 hoc
859 4001 1006 4058 deficiente
1032 4003 1192 4060 cautionem
1216 4002 1380 4057 idonearum
1406 4019 1500 4071 perso·

215 4111 315 4148 narum
346 4109 398 4162 pro
431 4091 581 4148 securitate
612 4108 751 4146 monum
781 4090 869 4148 trium
888 4109 1042 4158 annorum
1063 4095 1149 4162 atque
1175 4092 1206 4146 in
1224 4091 1288 4160 ipsa
1315 4090 1500 4161 stipulatione

215 4181 419 4252 obligationem
438 4181 552 4236 emittat
570 4199 621 4250 pro
640 4198 670 4236 se
681 4181 795 4250 suisque
814 4181 962 4236 heredibus
975 4199 1009 4236 ec
1024 4181 1228 4239 successoribus
1249 4180 1408 4245 valituram,
1422 4199 1500 4235 nurn-

217 4287 304 4340 quam
322 4271 421 4326 utendi
439 4270 567 4340 qnalibet
584 4269 728 4340 praesenti
755 4270 801 4326 rel
828 4269 925 4326 lutura
951 4271 1016 4341 lege
1037 4287 1088 4328 seu
1112 4269 1261 4340 privilegio
1289 4268 1500 4326 affrancationis

215 4359 341 4424 canonis,
360 4362 390 4414 et
407 4358 622 4415 melioramenta
639 4359 735 4415 omnia
753 4359 812 4416 solo
831 4359 957 4414 cedendi.

286 4447 363 4504 tSi
388 4451 491 4518 agatur
509 4449 543 4504 de
562 4447 705 4504 Ecclesiae
735 4448 817 4503 bonis
849 4447 1079 4519 oppignorandia
1108 4449 1154 4504 rel
1182 4449 1216 4504 de
1241 4465 1306 4504 acre
1325 4447 1418 4502 alieno
1437 4462 1500 4502 con·

215 4537 361 4604 trahendo,
381 4553 495 4594 necesse
513 4540 565 4603 est,
584 4540 616 4594 ut
634 4537 712 4608 prins
732 4535 883 4594 audiantur
901 4531 998 4594 ornnes
1022 4537 1159 4593 interesse
1177 4537 1323 4603 habentes,
1342 4539 1372 4591 et
1390 4536 1501 4590 constet

214 4626 250 4682 de
268 4644 336 4682 vera
354 4629 383 4681 at
401 4626 484 4697 gravi
502 4625 645 4682 Ecclesiae
664 4625 850 4693 necessitate3
870 4643 943 4696 quae
962 4626 1067 4684 sinere
1087 4626 1253 4692 intercedat,
1273 4623 1429 4680 carendum
1447 4626 1499 4690 est,

216 4717 248 4771 ut
265 4715 391 4772 debitum
409 4715 487 4782 illud,
508 4733 572 4770 cum
590 4716 713 4785 primum
730 4716 791 4772 fieri
809 4715 922 4786 poterit,
951 4715 1071 4772 ccclesia
1096 4715 1161 4786 ipsa
1186 4714 1328 4782 dimittat,
1349 4729 1445 4784 eaque
1464 4713 1499 4768 de

215 4821 300 4862 causa
317 4805 480 4876 imponatur
499 4805 590 4862 eidem
609 4804 728 4876 singulis
746 4805 777 4861 in
803 4805 913 4862 casibus
937 4804 1076 4877 obligatio
1104 4807 1281 4862 conuectum
1308 4803 1433 4860 debitum
1454 4820 1500 4858 ex·
