3906 5690
793 493 933 548 „51-

221 673 359 757 piorum,
382 688 440 736 nec
462 693 532 740 non
552 670 652 738 libros
675 671 742 736 dati
766 675 799 735 et
822 671 945 756 accepti
961 691 1069 738 aarum
1092 671 1244 738 secures
1268 677 1416 740 accurate
1438 695 1504 744 ser·

223 801 309 864 vent.
338 797 384 862 Hi
408 801 516 862 autem
539 795 613 862 libri
638 795 861 862 examinentur
884 799 917 860 et
939 795 1114 880 probentur
1130 819 1157 868 ,a
1179 797 1255 864 viris
1278 797 1318 866 ab
1342 798 1503 884 Episcopo

222 922 409 1010 designatis,
434 925 467 986 at
489 925 677 1006 prospectus
705 921 877 1000 rationum,
901 920 941 986 ab
965 921 1077 986 iisdem
1101 921 1177 992 viris
1200 925 1341 1006 atque'a
1368 922 1504 990 Rectore

223 1047 424 1134 obsignatus,
448 1047 533 1132 apud
557 1047 679 1112 curiam
701 1049 890 1112 asservetur.
915 1045 1093 1130 Episcopus
1120 1043 1172 1110 rel
1195 1045 1255 1112 viri
1280 1047 1320 1112 ab
1343 1046 1504 1132 Episcopo

223 1171 385 1259 designati
409 1172 541 1258 erigant
566 1170 738 1255 quotannis
768 1169 1053 1236 administrationis
1084 1171 1243 1239 rationem
1273 1170 1505 1242 aRcctoribus
1553 1229 1562 1238 .
1605 1187 1609 1196 ’

224 1297 421 1364 missionum.
446 1295 584 1362 Omnino
607 1294 796 1380 probibendi
818 1295 998 1360 sacerdotes
1017 1295 1201 1362 nonomine
1224 1318 1300 1362 suae
1325 1318 1504 1382 congregae

225 1421 322 1498 tionis
345 1421 512 1488 ecclesiam
535 1441 626 1488 suam
649 1438 721 1486 aare
744 1419 849 1488 alieno
864 1389 1001 1506 granant
1023 1419 1091 1486 sine
1114 1441 1263 1504 expressa
1279 1423 1312 1486 et
1327 1419 1361 1486 in
1378 1421 1505 1506 scriptis

225 1549 357 1611 exarata
391 1544 522 1610 licentia
556 1543 726 1630 Ordinarii,
758 1544 853 1629 idque
883 1545 938 1610 ubi
966 1543 1193 1623 commiserint,
1224 1566 1282 1628 pro
1313 1545 1359 1610 rai
1396 1546 1505 1630 gravi·

224 1673 304 1749 tate,
328 1669 463 1736 servatis
486 1669 657 1748 servandis,
681 1669 722 1755 ab
745 1667 906 1753 Episcopo
929 1669 1113 1753 puniantur.
1136 1668 1269 1736 Moneat
1292 1673 1401 1734 autem
1424 1669 1507 1754 Epi·

226 1815 343 1878 scopus
358 1793 538 1882 sacerdotes
561 1816 602 1860 ne
617 1793 747 1858 maioris
763 1792 917 1858 momenti
934 1792 1042 1858 debita
1058 1793 1250 1860 contrahant
1265 1794 1394 1860 nomine
1409 1795 1508 1860 etiam

227 1919 369 2004 proprio,
385 1939 422 1984 ac
438 1917 610 1984 efficaciter
632 1917 809 2002 provideat,
825 1939 865 1982 ne
881 1915 1032 1984 ccclesiae
1055 1937 1127 1982 aere
1143 1916 1248 1982 alieno
1265 1917 1509 2004 obstringuntur

227 2047 262 2110 et
283 2047 320 2110 ut
335 2043 499 2110 securitati
524 2041 720 2122 consulatur,
742 2041 770 2108 si
793 2042 878 2106 forte
899 2043 1079 2110 sacerdotes
1094 2041 1172 2108 dent
1188 2015 1308 2126 aliquid
1324 2043 1428 2108 mutui
1444 2042 1509 2110 suis

227 2167 380 2234 ecclesiis.
403 2168 550 2252 Denique
582 2167 782 2252 praecipiant
805 2166 957 2252 Episcopi
989 2169 1026 2232 ut
1057 2168 1182 2251 quoties
1205 2167 1352 2232 sacerdos
1383 2187 1509 2252 posses·

226 2294 350 2362 sionem
372 2293 508 2378 suscipit
537 2293 670 2358 alicuius
704 2292 874 2370 missionis,
909 2291 1123 2358 inventarium
1156 2292 1323 2378 redigatur
1352 2292 1510 2358 bonorum

229 2418 388 2485 missionis
412 2422 445 2483 et
468 2417 509 2482 ad
533 2417 654 2482 curiam
677 2415 890 2502 episcopalem
912 2416 1071 2495 mittatur,
1088 2421 1125 2480 ut
1141 2416 1300 2482 missionis
1315 2416 1401 2484 bona
1415 2431 1509 2480 num-

229 2565 328 2628 quam
350 2543 476 2618 misceri
500 2565 572 2612 cum
594 2541 741 2611 Rectoris
764 2541 857 2612 bonis
880 2542 1058 2627 contingat.

231 2715 239 2726 .
321 2669 580 2734 laboravero
603 2667 747 2732 locorum
771 2670 804 2730 et
827 2687 959 2750 operum
975 2665 1100 2750 piorum
1122 2664 1373 2730 administranda
1396 2664 1514 2728 efficiat

230 2793 411 2879 Episcopus
436 2796 472 2858 ut
495 2791 658 2877 eligantur
680 2789 784 2876 probi„
809 2789 980 2874 prudentes
1003 2810 1041 2854 ac
1065 2788 1214 2854 industrii
1236 2787 1307 2867 viri,
1332 2788 1386 2872 qui
1410 2787 1513 2854 admi·

230 2919 455 2986 nistration'em
487 2939 552 2982 non
581 2913 898 3002 ingrediantur,'nisi
927 2913 1015 2998 prius
1046 2913 1153 2978 iurent
1174 2933 1209 2976 se
1239 2933 1353 2976 munus
1378 2911 1515 2976 fideliter

230 3044 510 3119 administraturus
534 3045 630 3126 atquc
654 3043 688 3106 in
711 3041 774 3106 linc
790 3039 867 3106 anni
881 3038 1040 3106 rationem
1055 3037 1244 3109 reddituros.
1262 3036 1515 3117 (incurrentium

231 3170 386 3253 cossiart
418 3169 456 3233 de
490 3165 583 3253 relig.
617 3165 736 3231 domib.
771 3164 789 3247 ᾗ
819 3163 860 3230 Ur
882 3169 996 3230 cuturn.
1025 3161 1114 3230 Sciat
1144 3162 1273 3246 insuper
1306 3160 1513 3246 pecuniarum

230 3316 372 3360 summas
396 3313 610 3376 quascumque
635 3295 747 3362 mutuo
772 3289 857 3369 dare,
888 3287 940 3354 rel
961 3288 1027 3354 'illis
1051 3287 1091 3352 ad
1120 3287 1285 3370 proprium
1313 3285 1515 3352 commodum

235 3417 295 3492 uti,
307 3415 433 3478 etiamsi
456 3415 641 3496 aliquandiu
664 3414 730 3480 sint
752 3413 885 3493 otiosae,
902 3411 1214 3484 administratoribus
1231 3412 1356 3494 piorum
1372 3411 1516 3476 locorum

237 3535 375 3600 vetitum
397 3557 464 3600 esse
486 3536 521 3598 in
544 3537 622 3619 Cap.
650 3535 730 3602 Ourna
752 3537 845 3604 iaicis
868 3536 906 3600 de
929 3534 986 3600 rel.
1011 3533 1098 3598 Eccl.
1121 3555 1186 3598 non
1210 3534 1305 3596 alien.
1330 3533 1418 3606 Quae
1441 3553 1517 3594 vero

237 3659 453 3746 pecuniano'n
467 3659 572 3726 otiosa
586 3657 793 3740 relinquenda
815 3661 865 3722 est
882 3657 937 3722 sed
960 3655 1154 3737 occupanda,
1178 3676 1216 3718 ea
1240 3675 1335 3736 quam
1358 3651 1519 3716 tutissime

235 3787 416 3870 deponatur
432 3785 587 3868 deturque
611 3803 708 3866 opera
724 3784 767 3846 ut
790 3779 930 3849 emendis
952 3778 1046 3844 bunis
1068 3776 1247 3854 stabilibus,
1261 3775 1358 3846 ⁴certis
1374 3773 1519 3838 censibus

233 3909 372 3994 aliisque
395 3909 497 3974 modis
521 3910 703 3999 occupetur.
731 3903 764 3970 S.
788 3905 863 3970 Pns
885 3905 926 3970 V.
955 3903 1064 3970 (toust.
1089 3900 1169 3968 Oura
1193 3898 1519 3984 primum-,Denique

235 4039 351 4102 carcat
366 4034 546 4118 Episcopus
561 4053 601 4099 ne
619 4030 905 4096 Administratores
920 4030 1064 4095 locorum
1078 4029 1204 4112 piorum
1227 4027 1312 4090 buna
1330 4028 1363 4088 et
1378 4021 1520 4088 redditus

238 4161 381 4244 ipsorum
403 4161 437 4222 in
458 4157 539 4222 alios
562 4178 638 4224 usus
659 4158 863 4240 praetereos
887 4155 941 4238 qui
958 4177 977 4218 a
993 4153 1200 4218 testatoribus
1223 4149 1275 4215 vel
1298 4147 1521 4214 fundatoribus

238 4285 369 4350 luerunt
384 4281 572 4368 praescripti
588 4283 787 4360 convertant,
803 4279 861 4344 sub
885 4279 996 4364 poenis
1020 4297 1039 4342 a
1061 4276 1158 4342 sacris
1175 4259 1348 4348 canonibus¹
1371 4276 1404 4338 et
1425 4272 1521 4338 (lonc.

238 4407 327 4474 Trid.
360 4407 490 4486 taxatis,
521 4405 605 4472 Sess.
637 4403 742 4483 XXII,
770 4403 849 4488 Gap.
873 4401 930 4483 XI,
960 4403 1000 4468 de
1032 4401 1190 4485 Reform
1220 4420 1321 4483 nequa
1353 4397 1522 4462 conniveat

237 4532 334 4598 nimis
365 4532 399 4596 in
422 4531 602 4614 sumptibus
626 4550 705 4612 quos
727 4529 832 4594 minus
854 4527 1048 4598 necessarios
1071 4525 1207 4591 noverit.

331 4655 443 4732 Quoad
478 4653 686 4722 alienationes
721 4673 803 4737 quae
838 4656 994 4718 vocantur
1025 4651 1182 4716 bonorum
1218 4643 1521 4723 ecclesiasticorum,

241 4803 324 4867 quae
346 4781 475 4866 quidem
496 4778 633 4844 materia
663 4777 843 4862 quotidiani
870 4781 919 4844 est
948 4794 1033 4858 usus,
1062 4799 1082 4841 a
1105 4772 1270 4865 proposito
1294 4769 1434 4838 alienum
1458 4790 1523 4833 non
