<?xml version="1.0" encoding="UTF-8"?>
<!DOCTYPE html PUBLIC "-//W3C//DTD XHTML 1.0 Transitional//EN"
    "http://www.w3.org/TR/xhtml1/DTD/xhtml1-transitional.dtd">
<html xmlns="http://www.w3.org/1999/xhtml" xml:lang="en" lang="en">
 <head>
  <title>
</title>
<meta http-equiv="Content-Type" content="text/html;charset=utf-8" />
  <meta name='ocr-system' content='tesseract 3.04.00' />
  <meta name='ocr-capabilities' content='ocr_page ocr_carea ocr_par ocr_line ocrx_word'/>
</head>
<body>
  <div class='ocr_page' id='page_1' title='image "apparatusjurise00zitegoog_0035.png"; bbox 0 0 3906 5690; ppageno 0'>
   <div class='ocr_carea' id='block_1_1' title="bbox 1024 499 1166 552">
    <p class='ocr_par' dir='ltr' id='par_1_1' title="bbox 1024 499 1166 552">
     <span class='ocr_line' id='line_1_1' title="bbox 1024 499 1166 552; baseline 0.028 -18"><span class='ocrx_word' id='word_1_1' title='bbox 1024 499 1166 552; x_wconf 75' lang='lat'><strong>-26-</strong></span> 
     </span>
    </p>
   </div>
   <div class='ocr_carea' id='block_1_2' title="bbox 454 673 1742 4253">
    <p class='ocr_par' dir='ltr' id='par_1_2' title="bbox 454 673 1741 1262">
     <span class='ocr_line' id='line_1_2' title="bbox 459 673 1738 763; baseline -0.005 -19"><span class='ocrx_word' id='word_1_2' title='bbox 459 677 568 745; x_wconf 89' lang='lat' dir='ltr'><strong>lIan.</strong></span> <span class='ocrx_word' id='word_1_3' title='bbox 595 679 691 744; x_wconf 72' lang='lat'><strong>1594.</strong></span> <span class='ocrx_word' id='word_1_4' title='bbox 715 677 837 763; x_wconf 82' lang='lat' dir='ltr'><strong>Nequit</strong></span> <span class='ocrx_word' id='word_1_5' title='bbox 868 680 975 743; x_wconf 86' lang='lat' dir='ltr'><strong>autem</strong></span> <span class='ocrx_word' id='word_1_6' title='bbox 1005 677 1196 744; x_wconf 87' lang='lat' dir='ltr'><strong>beneficium</strong></span> <span class='ocrx_word' id='word_1_7' title='bbox 1226 675 1371 742; x_wconf 83' lang='lat' dir='ltr'><strong>conferre</strong></span> <span class='ocrx_word' id='word_1_8' title='bbox 1403 693 1506 758; x_wconf 89' lang='lat' dir='ltr'><strong>neque</strong></span> <span class='ocrx_word' id='word_1_9' title='bbox 1536 673 1612 752; x_wconf 91' lang='lat' dir='ltr'><strong>suis,</strong></span> <span class='ocrx_word' id='word_1_10' title='bbox 1635 694 1738 756; x_wconf 90' lang='lat' dir='ltr'><strong>neque</strong></span> 
     </span>
     <span class='ocr_line' id='line_1_3' title="bbox 455 799 1740 890; baseline -0.009 -18"><span class='ocrx_word' id='word_1_11' title='bbox 455 804 648 890; x_wconf 86' lang='lat' dir='ltr'><strong>resignantis</strong></span> <span class='ocrx_word' id='word_1_12' title='bbox 664 801 918 889; x_wconf 86' lang='lat' dir='ltr'><strong>consangnineis,</strong></span> <span class='ocrx_word' id='word_1_13' title='bbox 936 801 1094 881; x_wconf 87' lang='lat' dir='ltr'><strong>affinibus,</strong></span> <span class='ocrx_word' id='word_1_14' title='bbox 1112 805 1169 866; x_wconf 89' lang='lat' dir='ltr'><strong>aut</strong></span> <span class='ocrx_word' id='word_1_15' title='bbox 1184 799 1408 880; x_wconf 78' lang='lat' dir='ltr'><strong>familiaribus,</strong></span> <span class='ocrx_word' id='word_1_16' title='bbox 1424 819 1464 864; x_wconf 91' lang='lat' dir='ltr'><strong>ne</strong></span> <span class='ocrx_word' id='word_1_17' title='bbox 1481 819 1537 884; x_wconf 88' lang='lat' dir='ltr'><strong>per</strong></span> <span class='ocrx_word' id='word_1_18' title='bbox 1553 819 1740 863; x_wconf 89' lang='lat' dir='ltr'><strong>concursum</strong></span> 
     </span>
     <span class='ocr_line' id='line_1_4' title="bbox 457 921 1741 1014; baseline -0.007 -20"><span class='ocrx_word' id='word_1_19' title='bbox 457 929 595 1014; x_wconf 89' lang='lat' dir='ltr'><strong>quidem,</strong></span> <span class='ocrx_word' id='word_1_20' title='bbox 619 927 680 994; x_wconf 89' lang='lat' dir='ltr'><strong>nisi</strong></span> <span class='ocrx_word' id='word_1_21' title='bbox 704 949 790 993; x_wconf 89' lang='lat' dir='ltr'><strong>mors</strong></span> <span class='ocrx_word' id='word_1_22' title='bbox 813 926 1008 1013; x_wconf 86' lang='lat' dir='ltr'><strong>resignantis</strong></span> <span class='ocrx_word' id='word_1_23' title='bbox 1030 925 1247 1011; x_wconf 87' lang='lat' dir='ltr'><strong>praecesserit,</strong></span> <span class='ocrx_word' id='word_1_24' title='bbox 1264 927 1321 990; x_wconf 86' lang='lat' dir='ltr'><strong>aut</strong></span> <span class='ocrx_word' id='word_1_25' title='bbox 1336 923 1399 990; x_wconf 93' lang='lat' dir='ltr'><strong>nisi</strong></span> <span class='ocrx_word' id='word_1_26' title='bbox 1414 927 1531 1010; x_wconf 89' lang='lat' dir='ltr'><strong>agatur</strong></span> <span class='ocrx_word' id='word_1_27' title='bbox 1546 921 1597 986; x_wconf 91' lang='lat' dir='ltr'><strong>vel</strong></span> <span class='ocrx_word' id='word_1_28' title='bbox 1613 921 1651 988; x_wconf 90' lang='lat' dir='ltr'><strong>de</strong></span> <span class='ocrx_word' id='word_1_29' title='bbox 1667 941 1741 1006; x_wconf 90' lang='lat' dir='ltr'><strong>per·</strong></span> 
     </span>
     <span class='ocr_line' id='line_1_5' title="bbox 456 1045 1741 1135; baseline -0.004 -18"><span class='ocrx_word' id='word_1_30' title='bbox 456 1053 634 1120; x_wconf 75' lang='lat' dir='ltr'><strong>mutatione</strong></span> <span class='ocrx_word' id='word_1_31' title='bbox 657 1051 708 1117; x_wconf 90' lang='lat' dir='ltr'><strong>vel</strong></span> <span class='ocrx_word' id='word_1_32' title='bbox 732 1052 770 1117; x_wconf 92' lang='lat' dir='ltr'><strong>de</strong></span> <span class='ocrx_word' id='word_1_33' title='bbox 795 1051 948 1118; x_wconf 88' lang='lat' dir='ltr'><strong>beneficio</strong></span> <span class='ocrx_word' id='word_1_34' title='bbox 965 1054 1148 1135; x_wconf 83' lang='lat' dir='ltr'><strong>patronatu.</strong></span> <span class='ocrx_word' id='word_1_35' title='bbox 1166 1049 1281 1116; x_wconf 82' lang='lat' dir='ltr'><strong>Busan.</strong></span> <span class='ocrx_word' id='word_1_36' title='bbox 1298 1047 1376 1114; x_wconf 89' lang='lat' dir='ltr'><strong>XIV</strong></span> <span class='ocrx_word' id='word_1_37' title='bbox 1393 1045 1581 1118; x_wconf 69' lang='lat' dir='ltr'><strong>Desinere</strong></span> <span class='ocrx_word' id='word_1_38' title='bbox 1598 1045 1741 1113; x_wconf 82' lang='lat' dir='ltr'><strong>Dioccca.</strong></span> 
     </span>
     <span class='ocr_line' id='line_1_6' title="bbox 454 1177 800 1262; baseline -0.006 -18"><span class='ocrx_word' id='word_1_39' title='bbox 454 1177 511 1244; x_wconf 92' lang='lat' dir='ltr'><strong>lib.</strong></span> <span class='ocrx_word' id='word_1_40' title='bbox 537 1199 597 1256; x_wconf 86' lang='lat' dir='ltr'><strong>nu,</strong></span> <span class='ocrx_word' id='word_1_41' title='bbox 622 1177 700 1262; x_wconf 80' lang='lat' dir='ltr'><strong>Gap.</strong></span> <span class='ocrx_word' id='word_1_42' title='bbox 724 1199 800 1244; x_wconf 74' lang='lat' dir='ltr'><strong>xxiv.</strong></span> 
     </span>
    </p>

    <p class='ocr_par' dir='ltr' id='par_1_3' title="bbox 455 1299 1742 2010">
     <span class='ocr_line' id='line_1_7' title="bbox 545 1299 1740 1388; baseline -0.003 -20"><span class='ocrx_word' id='word_1_43' title='bbox 545 1303 638 1379; x_wconf 76' lang='lat' dir='ltr'><strong>Quod</strong></span> <span class='ocrx_word' id='word_1_44' title='bbox 660 1302 778 1368; x_wconf 77' lang='lat' dir='ltr'><strong>attinet</strong></span> <span class='ocrx_word' id='word_1_45' title='bbox 802 1301 841 1366; x_wconf 88' lang='lat' dir='ltr'><strong>ad</strong></span> <span class='ocrx_word' id='word_1_46' title='bbox 865 1301 954 1388; x_wconf 82' lang='lat' dir='ltr'><strong>leges</strong></span> <span class='ocrx_word' id='word_1_47' title='bbox 978 1301 1189 1386; x_wconf 86' lang='lat' dir='ltr'><strong>quarumdam</strong></span> <span class='ocrx_word' id='word_1_48' title='bbox 1211 1299 1489 1366; x_wconf 88' lang='lat' dir='ltr'><strong>renunciationum</strong></span> <span class='ocrx_word' id='word_1_49' title='bbox 1505 1299 1661 1384; x_wconf 88' lang='lat' dir='ltr'><strong>proprias,</strong></span> <span class='ocrx_word' id='word_1_50' title='bbox 1685 1319 1740 1364; x_wconf 87' lang='lat' dir='ltr'><strong>eae</strong></span> 
     </span>
     <span class='ocr_line' id='line_1_8' title="bbox 456 1423 1741 1512; baseline -0.005 -18"><span class='ocrx_word' id='word_1_51' title='bbox 456 1427 563 1494; x_wconf 87' lang='lat' dir='ltr'><strong>variae</strong></span> <span class='ocrx_word' id='word_1_52' title='bbox 586 1431 661 1494; x_wconf 89' lang='lat' dir='ltr'><strong>sunt</strong></span> <span class='ocrx_word' id='word_1_53' title='bbox 684 1449 742 1512; x_wconf 91' lang='lat' dir='ltr'><strong>pro</strong></span> <span class='ocrx_word' id='word_1_54' title='bbox 765 1425 863 1492; x_wconf 88' lang='lat' dir='ltr'><strong>variis</strong></span> <span class='ocrx_word' id='word_1_55' title='bbox 879 1426 1006 1492; x_wconf 81' lang='lat' dir='ltr'><strong>casibus</strong></span> <span class='ocrx_word' id='word_1_56' title='bbox 1028 1425 1316 1508; x_wconf 90' lang='lat' dir='ltr'><strong>renunciationum,</strong></span> <span class='ocrx_word' id='word_1_57' title='bbox 1332 1423 1454 1490; x_wconf 89' lang='lat' dir='ltr'><strong>scilicet</strong></span> <span class='ocrx_word' id='word_1_58' title='bbox 1468 1425 1594 1492; x_wconf 90' lang='lat' dir='ltr'><strong>ratione</strong></span> <span class='ocrx_word' id='word_1_59' title='bbox 1617 1423 1741 1490; x_wconf 82' lang='lat' dir='ltr'><strong>formae</strong></span> 
     </span>
     <span class='ocr_line' id='line_1_9' title="bbox 457 1547 1741 1636; baseline -0.003 -20"><span class='ocrx_word' id='word_1_60' title='bbox 457 1573 521 1636; x_wconf 87' lang='lat' dir='ltr'><strong>qua</strong></span> <span class='ocrx_word' id='word_1_61' title='bbox 556 1552 594 1616; x_wconf 87' lang='lat' dir='ltr'><strong>fit</strong></span> <span class='ocrx_word' id='word_1_62' title='bbox 626 1549 837 1630; x_wconf 80' lang='lat' dir='ltr'><strong>renunciatio,</strong></span> <span class='ocrx_word' id='word_1_63' title='bbox 876 1551 1000 1616; x_wconf 86' lang='lat' dir='ltr'><strong>ratione</strong></span> <span class='ocrx_word' id='word_1_64' title='bbox 1031 1571 1185 1634; x_wconf 89' lang='lat' dir='ltr'><strong>personae</strong></span> <span class='ocrx_word' id='word_1_65' title='bbox 1217 1548 1420 1635; x_wconf 90' lang='lat' dir='ltr'><strong>resignantis,</strong></span> <span class='ocrx_word' id='word_1_66' title='bbox 1450 1548 1585 1632; x_wconf 90' lang='lat' dir='ltr'><strong>denique</strong></span> <span class='ocrx_word' id='word_1_67' title='bbox 1617 1547 1741 1613; x_wconf 86' lang='lat' dir='ltr'><strong>ratione</strong></span> 
     </span>
     <span class='ocr_line' id='line_1_10' title="bbox 455 1672 1742 1761; baseline -0.002 -21"><span class='ocrx_word' id='word_1_68' title='bbox 455 1675 556 1761; x_wconf 91' lang='lat' dir='ltr'><strong>ipsius</strong></span> <span class='ocrx_word' id='word_1_69' title='bbox 578 1675 723 1740; x_wconf 90' lang='lat' dir='ltr'><strong>beneficii</strong></span> <span class='ocrx_word' id='word_1_70' title='bbox 747 1675 913 1761; x_wconf 88' lang='lat' dir='ltr'><strong>resignati.</strong></span> <span class='ocrx_word' id='word_1_71' title='bbox 931 1674 1031 1740; x_wconf 88' lang='lat' dir='ltr'><strong>Porro</strong></span> <span class='ocrx_word' id='word_1_72' title='bbox 1055 1675 1180 1740; x_wconf 88' lang='lat' dir='ltr'><strong>ratione</strong></span> <span class='ocrx_word' id='word_1_73' title='bbox 1206 1673 1329 1740; x_wconf 81' lang='lat' dir='ltr'><strong>formae</strong></span> <span class='ocrx_word' id='word_1_74' title='bbox 1351 1672 1651 1740; x_wconf 79' lang='lat' dir='ltr'><strong>animadvertendae</strong></span> <span class='ocrx_word' id='word_1_75' title='bbox 1665 1675 1742 1738; x_wconf 88' lang='lat' dir='ltr'><strong>sunt</strong></span> 
     </span>
     <span class='ocr_line' id='line_1_11' title="bbox 456 1796 1742 1886; baseline -0.004 -20"><span class='ocrx_word' id='word_1_76' title='bbox 456 1800 711 1866; x_wconf 89' lang='lat' dir='ltr'><strong>renunciatioues</strong></span> <span class='ocrx_word' id='word_1_77' title='bbox 735 1821 816 1884; x_wconf 88' lang='lat' dir='ltr'><strong>quae</strong></span> <span class='ocrx_word' id='word_1_78' title='bbox 839 1799 922 1864; x_wconf 88' lang='lat' dir='ltr'><strong>fiunt</strong></span> <span class='ocrx_word' id='word_1_79' title='bbox 947 1797 996 1864; x_wconf 85' lang='lat' dir='ltr'><strong>vel</strong></span> <span class='ocrx_word' id='word_1_80' title='bbox 1025 1799 1206 1886; x_wconf 79' lang='lat' dir='ltr'><strong>generatim</strong></span> <span class='ocrx_word' id='word_1_81' title='bbox 1237 1821 1309 1864; x_wconf 91' lang='lat' dir='ltr'><strong>cum</strong></span> <span class='ocrx_word' id='word_1_82' title='bbox 1344 1797 1452 1883; x_wconf 90' lang='lat' dir='ltr'><strong>aliqua</strong></span> <span class='ocrx_word' id='word_1_83' title='bbox 1474 1797 1668 1876; x_wconf 90' lang='lat' dir='ltr'><strong>conditione,</strong></span> <span class='ocrx_word' id='word_1_84' title='bbox 1689 1796 1742 1862; x_wconf 83' lang='lat' dir='ltr'><strong>rel</strong></span> 
     </span>
     <span class='ocr_line' id='line_1_12' title="bbox 455 1921 1740 2010; baseline -0.002 -21"><span class='ocrx_word' id='word_1_85' title='bbox 455 1925 623 2010; x_wconf 84' lang='lat' dir='ltr'><strong>speciatim</strong></span> <span class='ocrx_word' id='word_1_86' title='bbox 647 1946 717 1992; x_wconf 87' lang='lat' dir='ltr'><strong>cum</strong></span> <span class='ocrx_word' id='word_1_87' title='bbox 742 1924 851 2008; x_wconf 88' lang='lat' dir='ltr'><strong>aliqua</strong></span> <span class='ocrx_word' id='word_1_88' title='bbox 866 1924 1081 1990; x_wconf 83' lang='lat' dir='ltr'><strong>reservatione</strong></span> <span class='ocrx_word' id='word_1_89' title='bbox 1098 1923 1209 1989; x_wconf 84' lang='lat' dir='ltr'><strong>lavore</strong></span> <span class='ocrx_word' id='word_1_90' title='bbox 1224 1924 1417 2009; x_wconf 78' lang='lat' dir='ltr'><strong>resignastis</strong></span> <span class='ocrx_word' id='word_1_91' title='bbox 1437 1927 1495 1988; x_wconf 89' lang='lat' dir='ltr'><strong>aut</strong></span> <span class='ocrx_word' id='word_1_92' title='bbox 1510 1923 1620 1988; x_wconf 88' lang='lat' dir='ltr'><strong>favore</strong></span> <span class='ocrx_word' id='word_1_93' title='bbox 1641 1921 1740 1986; x_wconf 86' lang='lat' dir='ltr'><strong>tertii.</strong></span> 
     </span>
    </p>

    <p class='ocr_par' dir='ltr' id='par_1_4' title="bbox 456 2047 1742 2630">
     <span class='ocr_line' id='line_1_13' title="bbox 547 2047 1742 2133; baseline -0.001 -20"><span class='ocrx_word' id='word_1_94' title='bbox 547 2048 659 2124; x_wconf 86' lang='lat' dir='ltr'><strong>Quoad</strong></span> <span class='ocrx_word' id='word_1_95' title='bbox 681 2047 936 2112; x_wconf 88' lang='lat' dir='ltr'><strong>renunciationes</strong></span> <span class='ocrx_word' id='word_1_96' title='bbox 959 2047 1139 2133; x_wconf 79' lang='lat' dir='ltr'><strong>generatim</strong></span> <span class='ocrx_word' id='word_1_97' title='bbox 1163 2047 1347 2112; x_wconf 89' lang='lat' dir='ltr'><strong>conditione</strong></span> <span class='ocrx_word' id='word_1_98' title='bbox 1378 2048 1508 2114; x_wconf 80' lang='lat' dir='ltr'><strong>allectas</strong></span> <span class='ocrx_word' id='word_1_99' title='bbox 1538 2047 1589 2112; x_wconf 84' lang='lat' dir='ltr'><strong>lex</strong></span> <span class='ocrx_word' id='word_1_100' title='bbox 1621 2051 1681 2128; x_wconf 90' lang='lat' dir='ltr'><strong>est,</strong></span> <span class='ocrx_word' id='word_1_101' title='bbox 1704 2051 1742 2112; x_wconf 91' lang='lat' dir='ltr'><strong>ut</strong></span> 
     </span>
     <span class='ocr_line' id='line_1_14' title="bbox 458 2171 1741 2258; baseline 0.001 -21"><span class='ocrx_word' id='word_1_102' title='bbox 458 2175 498 2238; x_wconf 87' lang='lat' dir='ltr'><strong>ab</strong></span> <span class='ocrx_word' id='word_1_103' title='bbox 522 2173 690 2256; x_wconf 79' lang='lat' dir='ltr'><strong>Episcopis</strong></span> <span class='ocrx_word' id='word_1_104' title='bbox 714 2195 777 2238; x_wconf 93' lang='lat' dir='ltr'><strong>non</strong></span> <span class='ocrx_word' id='word_1_105' title='bbox 806 2173 929 2255; x_wconf 89' lang='lat' dir='ltr'><strong>possint</strong></span> <span class='ocrx_word' id='word_1_106' title='bbox 952 2172 1065 2256; x_wconf 83' lang='lat' dir='ltr'><strong>excipi,</strong></span> <span class='ocrx_word' id='word_1_107' title='bbox 1095 2172 1151 2238; x_wconf 81' lang='lat' dir='ltr'><strong>sed</strong></span> <span class='ocrx_word' id='word_1_108' title='bbox 1180 2171 1347 2258; x_wconf 89' lang='lat' dir='ltr'><strong>indigeant</strong></span> <span class='ocrx_word' id='word_1_109' title='bbox 1378 2173 1570 2238; x_wconf 88' lang='lat' dir='ltr'><strong>auctoritate</strong></span> <span class='ocrx_word' id='word_1_110' title='bbox 1603 2172 1741 2238; x_wconf 86' lang='lat' dir='ltr'><strong>Romani</strong></span> 
     </span>
     <span class='ocr_line' id='line_1_15' title="bbox 456 2295 1742 2382; baseline -0.001 -21"><span class='ocrx_word' id='word_1_111' title='bbox 456 2296 634 2374; x_wconf 86' lang='lat' dir='ltr'><strong>Pontificis,</strong></span> <span class='ocrx_word' id='word_1_112' title='bbox 658 2296 719 2360; x_wconf 89' lang='lat' dir='ltr'><strong>nisi</strong></span> <span class='ocrx_word' id='word_1_113' title='bbox 744 2296 884 2361; x_wconf 88' lang='lat' dir='ltr'><strong>conditio</strong></span> <span class='ocrx_word' id='word_1_114' title='bbox 900 2301 1043 2362; x_wconf 86' lang='lat' dir='ltr'><strong>versetur</strong></span> <span class='ocrx_word' id='word_1_115' title='bbox 1058 2297 1092 2360; x_wconf 91' lang='lat' dir='ltr'><strong>in</strong></span> <span class='ocrx_word' id='word_1_116' title='bbox 1107 2300 1203 2380; x_wconf 89' lang='lat' dir='ltr'><strong>pacto</strong></span> <span class='ocrx_word' id='word_1_117' title='bbox 1219 2297 1464 2380; x_wconf 89' lang='lat' dir='ltr'><strong>permutationis</strong></span> <span class='ocrx_word' id='word_1_118' title='bbox 1479 2296 1637 2382; x_wconf 87' lang='lat' dir='ltr'><strong>simulque</strong></span> <span class='ocrx_word' id='word_1_119' title='bbox 1653 2295 1742 2362; x_wconf 91' lang='lat' dir='ltr'><strong>nulla</strong></span> 
     </span>
     <span class='ocr_line' id='line_1_16' title="bbox 456 2419 1741 2506; baseline 0.001 -21"><span class='ocrx_word' id='word_1_120' title='bbox 456 2421 634 2486; x_wconf 82' lang='lat' dir='ltr'><strong>intercedat</strong></span> <span class='ocrx_word' id='word_1_121' title='bbox 656 2421 754 2485; x_wconf 81' lang='lat' dir='ltr'><strong>fraus.</strong></span> <span class='ocrx_word' id='word_1_122' title='bbox 767 2419 842 2485; x_wconf 86' lang='lat' dir='ltr'><strong>Pms</strong></span> <span class='ocrx_word' id='word_1_123' title='bbox 858 2421 890 2486; x_wconf 89' lang='lat' dir='ltr'>V</span> <span class='ocrx_word' id='word_1_124' title='bbox 906 2421 1015 2487; x_wconf 81' lang='lat' dir='ltr'><strong>Const.</strong></span> <span class='ocrx_word' id='word_1_125' title='bbox 1034 2421 1163 2503; x_wconf 78' lang='lat' dir='ltr'><strong>Quanta</strong></span> <span class='ocrx_word' id='word_1_126' title='bbox 1189 2422 1205 2485; x_wconf 92' lang='lat'>1</span> <span class='ocrx_word' id='word_1_127' title='bbox 1231 2420 1311 2506; x_wconf 88' lang='lat' dir='ltr'><strong>Apr.</strong></span> <span class='ocrx_word' id='word_1_128' title='bbox 1331 2422 1433 2500; x_wconf 78' lang='lat'>15683</span> <span class='ocrx_word' id='word_1_129' title='bbox 1457 2421 1647 2488; x_wconf 82' lang='lat' dir='ltr'><strong>Banamcrus</strong></span> <span class='ocrx_word' id='word_1_130' title='bbox 1662 2419 1741 2486; x_wconf 85' lang='lat' dir='ltr'><strong>XIV</strong></span> 
     </span>
     <span class='ocr_line' id='line_1_17' title="bbox 456 2543 1213 2630; baseline -0.003 -18"><span class='ocrx_word' id='word_1_131' title='bbox 456 2547 496 2612; x_wconf 86' lang='lat' dir='ltr'><strong>de</strong></span> <span class='ocrx_word' id='word_1_132' title='bbox 519 2543 631 2610; x_wconf 80' lang='lat' dir='ltr'><strong>Siuod.</strong></span> <span class='ocrx_word' id='word_1_133' title='bbox 656 2544 843 2612; x_wconf 80' lang='lat' dir='ltr'><strong>Dioeecsan.</strong></span> <span class='ocrx_word' id='word_1_134' title='bbox 867 2545 923 2611; x_wconf 92' lang='lat' dir='ltr'><strong>lib.</strong></span> <span class='ocrx_word' id='word_1_135' title='bbox 947 2567 1008 2624; x_wconf 81' lang='lat' dir='ltr'><strong>rur,</strong></span> <span class='ocrx_word' id='word_1_136' title='bbox 1033 2545 1111 2630; x_wconf 81' lang='lat' dir='ltr'><strong>Gap.</strong></span> <span class='ocrx_word' id='word_1_137' title='bbox 1134 2563 1213 2610; x_wconf 84' lang='lat' dir='ltr'><strong>xnv.</strong></span> 
     </span>
    </p>

    <p class='ocr_par' dir='ltr' id='par_1_5' title="bbox 455 2668 1740 4000">
     <span class='ocr_line' id='line_1_18' title="bbox 546 2668 1740 2760; baseline 0.002 -26"><span class='ocrx_word' id='word_1_138' title='bbox 546 2668 583 2734; x_wconf 93' lang='lat' dir='ltr'><strong>ln</strong></span> <span class='ocrx_word' id='word_1_139' title='bbox 607 2670 712 2754; x_wconf 90' lang='lat' dir='ltr'><strong>specie</strong></span> <span class='ocrx_word' id='word_1_140' title='bbox 736 2669 841 2754; x_wconf 90' lang='lat' dir='ltr'><strong>quoad</strong></span> <span class='ocrx_word' id='word_1_141' title='bbox 864 2669 1079 2736; x_wconf 89' lang='lat' dir='ltr'><strong>conditionem</strong></span> <span class='ocrx_word' id='word_1_142' title='bbox 1095 2671 1318 2736; x_wconf 87' lang='lat' dir='ltr'><strong>reservationis</strong></span> <span class='ocrx_word' id='word_1_143' title='bbox 1333 2669 1443 2738; x_wconf 87' lang='lat' dir='ltr'><strong>favore</strong></span> <span class='ocrx_word' id='word_1_144' title='bbox 1458 2672 1662 2760; x_wconf 89' lang='lat' dir='ltr'><strong>resignantis,</strong></span> <span class='ocrx_word' id='word_1_145' title='bbox 1677 2671 1740 2738; x_wconf 88' lang='lat' dir='ltr'><strong>im·</strong></span> 
     </span>
     <span class='ocr_line' id='line_1_19' title="bbox 456 2795 1740 2882; baseline 0.002 -22"><span class='ocrx_word' id='word_1_146' title='bbox 456 2795 627 2880; x_wconf 85' lang='lat' dir='ltr'><strong>probatum</strong></span> <span class='ocrx_word' id='word_1_147' title='bbox 650 2795 685 2860; x_wconf 91' lang='lat' dir='ltr'><strong>in</strong></span> <span class='ocrx_word' id='word_1_148' title='bbox 707 2795 775 2860; x_wconf 87' lang='lat' dir='ltr'><strong>iure</strong></span> <span class='ocrx_word' id='word_1_149' title='bbox 800 2798 849 2860; x_wconf 92' lang='lat' dir='ltr'><strong>est</strong></span> <span class='ocrx_word' id='word_1_150' title='bbox 872 2798 1002 2878; x_wconf 86' lang='lat' dir='ltr'><strong>pactum</strong></span> <span class='ocrx_word' id='word_1_151' title='bbox 1036 2816 1198 2880; x_wconf 87' lang='lat' dir='ltr'><strong>regressus</strong></span> <span class='ocrx_word' id='word_1_152' title='bbox 1233 2795 1274 2862; x_wconf 87' lang='lat' dir='ltr'><strong>ad</strong></span> <span class='ocrx_word' id='word_1_153' title='bbox 1307 2796 1498 2864; x_wconf 88' lang='lat' dir='ltr'><strong>beneficium</strong></span> <span class='ocrx_word' id='word_1_154' title='bbox 1529 2797 1740 2882; x_wconf 88' lang='lat' dir='ltr'><strong>resignatum.</strong></span> 
     </span>
     <span class='ocr_line' id='line_1_20' title="bbox 455 2919 1740 3003; baseline -0.002 -17"><span class='ocrx_word' id='word_1_155' title='bbox 455 2920 530 2986; x_wconf 80' lang='lat' dir='ltr'><strong>Pius</strong></span> <span class='ocrx_word' id='word_1_156' title='bbox 553 2920 585 2985; x_wconf 89' lang='lat' dir='ltr'><strong>V</strong></span> <span class='ocrx_word' id='word_1_157' title='bbox 609 2921 717 2986; x_wconf 81' lang='lat' dir='ltr'><strong>Const.</strong></span> <span class='ocrx_word' id='word_1_158' title='bbox 744 2919 886 2984; x_wconf 79' lang='lat' dir='ltr'><strong>Rontani</strong></span> <span class='ocrx_word' id='word_1_159' title='bbox 911 2919 950 2982; x_wconf 89' lang='lat'><strong>12</strong></span> <span class='ocrx_word' id='word_1_160' title='bbox 980 2923 1062 3003; x_wconf 89' lang='lat' dir='ltr'><strong>sept.</strong></span> <span class='ocrx_word' id='word_1_161' title='bbox 1089 2921 1184 2986; x_wconf 84' lang='lat'><strong>1571.</strong></span> <span class='ocrx_word' id='word_1_162' title='bbox 1215 2919 1298 2984; x_wconf 88' lang='lat' dir='ltr'><strong>Item</strong></span> <span class='ocrx_word' id='word_1_163' title='bbox 1330 2921 1357 2986; x_wconf 85' lang='lat' dir='ltr'><strong>ai</strong></span> <span class='ocrx_word' id='word_1_164' title='bbox 1386 2921 1575 2984; x_wconf 88' lang='lat' dir='ltr'><strong>beneficium</strong></span> <span class='ocrx_word' id='word_1_165' title='bbox 1599 2919 1740 2984; x_wconf 87' lang='lat' dir='ltr'><strong>interve·</strong></span> 
     </span>
     <span class='ocr_line' id='line_1_21' title="bbox 456 3041 1740 3129; baseline -0.001 -21"><span class='ocrx_word' id='word_1_166' title='bbox 456 3045 564 3108; x_wconf 91' lang='lat' dir='ltr'><strong>niente</strong></span> <span class='ocrx_word' id='word_1_167' title='bbox 588 3041 765 3126; x_wconf 89' lang='lat' dir='ltr'><strong>apostolica</strong></span> <span class='ocrx_word' id='word_1_168' title='bbox 789 3041 983 3106; x_wconf 85' lang='lat' dir='ltr'><strong>auctoritate</strong></span> <span class='ocrx_word' id='word_1_169' title='bbox 1015 3044 1196 3129; x_wconf 88' lang='lat' dir='ltr'><strong>resignetur</strong></span> <span class='ocrx_word' id='word_1_170' title='bbox 1227 3065 1300 3108; x_wconf 91' lang='lat' dir='ltr'><strong>cum</strong></span> <span class='ocrx_word' id='word_1_171' title='bbox 1331 3041 1545 3108; x_wconf 84' lang='lat' dir='ltr'><strong>reservatione</strong></span> <span class='ocrx_word' id='word_1_172' title='bbox 1568 3041 1740 3125; x_wconf 87' lang='lat' dir='ltr'><strong>pensionis,</strong></span> 
     </span>
     <span class='ocr_line' id='line_1_22' title="bbox 456 3163 1738 3254; baseline -0.001 -23"><span class='ocrx_word' id='word_1_173' title='bbox 456 3167 672 3251; x_wconf 87' lang='lat' dir='ltr'><strong>improbatum</strong></span> <span class='ocrx_word' id='word_1_174' title='bbox 696 3170 745 3230; x_wconf 89' lang='lat' dir='ltr'><strong>est</strong></span> <span class='ocrx_word' id='word_1_175' title='bbox 766 3169 896 3250; x_wconf 89' lang='lat' dir='ltr'><strong>pactum</strong></span> <span class='ocrx_word' id='word_1_176' title='bbox 919 3167 1135 3254; x_wconf 89' lang='lat' dir='ltr'><strong>resignantem</strong></span> <span class='ocrx_word' id='word_1_177' title='bbox 1159 3165 1243 3232; x_wconf 91' lang='lat' dir='ltr'><strong>inter</strong></span> <span class='ocrx_word' id='word_1_178' title='bbox 1272 3169 1306 3230; x_wconf 90' lang='lat' dir='ltr'><strong>et</strong></span> <span class='ocrx_word' id='word_1_179' title='bbox 1335 3165 1583 3252; x_wconf 88' lang='lat' dir='ltr'><strong>resignatarium</strong></span> <span class='ocrx_word' id='word_1_180' title='bbox 1611 3163 1738 3244; x_wconf 88' lang='lat' dir='ltr'><strong>initum,</strong></span> 
     </span>
     <span class='ocr_line' id='line_1_23' title="bbox 457 3290 1739 3375; baseline 0 -19"><span class='ocrx_word' id='word_1_181' title='bbox 457 3292 496 3356; x_wconf 91' lang='lat' dir='ltr'><strong>de</strong></span> <span class='ocrx_word' id='word_1_182' title='bbox 519 3291 588 3375; x_wconf 88' lang='lat' dir='ltr'><strong>ipsa</strong></span> <span class='ocrx_word' id='word_1_183' title='bbox 611 3290 762 3374; x_wconf 87' lang='lat' dir='ltr'><strong>pensione</strong></span> <span class='ocrx_word' id='word_1_184' title='bbox 785 3290 978 3356; x_wconf 89' lang='lat' dir='ltr'><strong>remittenda</strong></span> <span class='ocrx_word' id='word_1_185' title='bbox 1001 3292 1052 3358; x_wconf 88' lang='lat' dir='ltr'><strong>vel</strong></span> <span class='ocrx_word' id='word_1_186' title='bbox 1067 3290 1234 3368; x_wconf 86' lang='lat' dir='ltr'><strong>abolenda,</strong></span> <span class='ocrx_word' id='word_1_187' title='bbox 1251 3293 1339 3356; x_wconf 88' lang='lat' dir='ltr'><strong>certa</strong></span> <span class='ocrx_word' id='word_1_188' title='bbox 1354 3290 1506 3374; x_wconf 90' lang='lat' dir='ltr'><strong>pecuniae</strong></span> <span class='ocrx_word' id='word_1_189' title='bbox 1528 3311 1653 3356; x_wconf 88' lang='lat' dir='ltr'><strong>summa</strong></span> <span class='ocrx_word' id='word_1_190' title='bbox 1668 3311 1739 3356; x_wconf 87' lang='lat' dir='ltr'><strong>ero·</strong></span> 
     </span>
     <span class='ocr_line' id='line_1_24' title="bbox 457 3415 1739 3503; baseline 0 -23"><span class='ocrx_word' id='word_1_191' title='bbox 457 3419 546 3503; x_wconf 87' lang='lat' dir='ltr'><strong>gata,</strong></span> <span class='ocrx_word' id='word_1_192' title='bbox 570 3415 714 3498; x_wconf 86' lang='lat' dir='ltr'><strong>quamvis</strong></span> <span class='ocrx_word' id='word_1_193' title='bbox 737 3415 770 3479; x_wconf 93' lang='lat' dir='ltr'><strong>id</strong></span> <span class='ocrx_word' id='word_1_194' title='bbox 785 3415 877 3480; x_wconf 90' lang='lat' dir='ltr'><strong>unico</strong></span> <span class='ocrx_word' id='word_1_195' title='bbox 893 3417 952 3482; x_wconf 89' lang='lat' dir='ltr'><strong>iiat</strong></span> <span class='ocrx_word' id='word_1_196' title='bbox 968 3415 1106 3482; x_wconf 90' lang='lat' dir='ltr'><strong>cedendo</strong></span> <span class='ocrx_word' id='word_1_197' title='bbox 1122 3415 1291 3480; x_wconf 85' lang='lat' dir='ltr'><strong>dumtaxat</strong></span> <span class='ocrx_word' id='word_1_198' title='bbox 1306 3415 1527 3480; x_wconf 81' lang='lat' dir='ltr'><strong>commoditati</strong></span> <span class='ocrx_word' id='word_1_199' title='bbox 1543 3415 1739 3500; x_wconf 87' lang='lat' dir='ltr'><strong>percipiendi</strong></span> 
     </span>
     <span class='ocr_line' id='line_1_25' title="bbox 456 3537 1740 3625; baseline -0.002 -19"><span class='ocrx_word' id='word_1_200' title='bbox 456 3542 580 3606; x_wconf 79' lang='lat' dir='ltr'><strong>fructus</strong></span> <span class='ocrx_word' id='word_1_201' title='bbox 609 3543 788 3604; x_wconf 86' lang='lat' dir='ltr'><strong>reservatae</strong></span> <span class='ocrx_word' id='word_1_202' title='bbox 818 3540 988 3624; x_wconf 90' lang='lat' dir='ltr'><strong>pensionis.</strong></span> <span class='ocrx_word' id='word_1_203' title='bbox 1021 3537 1214 3604; x_wconf 90' lang='lat' dir='ltr'><strong>Huiusmodi</strong></span> <span class='ocrx_word' id='word_1_204' title='bbox 1249 3539 1334 3604; x_wconf 90' lang='lat' dir='ltr'><strong>enim</strong></span> <span class='ocrx_word' id='word_1_205' title='bbox 1367 3543 1497 3625; x_wconf 89' lang='lat' dir='ltr'><strong>pactum</strong></span> <span class='ocrx_word' id='word_1_206' title='bbox 1531 3540 1740 3606; x_wconf 89' lang='lat' dir='ltr'><strong>simoniacam</strong></span> 
     </span>
     <span class='ocr_line' id='line_1_26' title="bbox 457 3664 1740 3753; baseline -0.001 -21"><span class='ocrx_word' id='word_1_207' title='bbox 457 3667 563 3732; x_wconf 89' lang='lat' dir='ltr'><strong>labem</strong></span> <span class='ocrx_word' id='word_1_208' title='bbox 587 3664 719 3746; x_wconf 87' lang='lat' dir='ltr'><strong>redolet,</strong></span> <span class='ocrx_word' id='word_1_209' title='bbox 737 3665 867 3750; x_wconf 91' lang='lat' dir='ltr'><strong>eiusque</strong></span> <span class='ocrx_word' id='word_1_210' title='bbox 882 3687 986 3751; x_wconf 90' lang='lat' dir='ltr'><strong>poena</strong></span> <span class='ocrx_word' id='word_1_211' title='bbox 1009 3669 1058 3730; x_wconf 91' lang='lat' dir='ltr'><strong>est</strong></span> <span class='ocrx_word' id='word_1_212' title='bbox 1080 3669 1117 3730; x_wconf 95' lang='lat' dir='ltr'><strong>ut</strong></span> <span class='ocrx_word' id='word_1_213' title='bbox 1133 3668 1200 3730; x_wconf 85' lang='lat' dir='ltr'><strong>tam</strong></span> <span class='ocrx_word' id='word_1_214' title='bbox 1216 3665 1382 3753; x_wconf 88' lang='lat' dir='ltr'><strong>resignans</strong></span> <span class='ocrx_word' id='word_1_215' title='bbox 1398 3687 1493 3752; x_wconf 87' lang='lat' dir='ltr'><strong>qnam</strong></span> <span class='ocrx_word' id='word_1_216' title='bbox 1509 3666 1740 3753; x_wconf 87' lang='lat' dir='ltr'><strong>resignatarius</strong></span> 
     </span>
     <span class='ocr_line' id='line_1_27' title="bbox 457 3789 1739 3876; baseline -0.001 -20"><span class='ocrx_word' id='word_1_217' title='bbox 457 3792 527 3876; x_wconf 89' lang='lat' dir='ltr'><strong>ipso</strong></span> <span class='ocrx_word' id='word_1_218' title='bbox 540 3789 627 3854; x_wconf 85' lang='lat' dir='ltr'><strong>facto</strong></span> <span class='ocrx_word' id='word_1_219' title='bbox 640 3790 804 3874; x_wconf 89' lang='lat' dir='ltr'><strong>priventur</strong></span> <span class='ocrx_word' id='word_1_220' title='bbox 815 3790 1080 3870; x_wconf 89' lang='lat' dir='ltr'><strong>beneficio,salva</strong></span> <span class='ocrx_word' id='word_1_221' title='bbox 1092 3791 1185 3856; x_wconf 87' lang='lat' dir='ltr'><strong>venia</strong></span> <span class='ocrx_word' id='word_1_222' title='bbox 1196 3791 1335 3857; x_wconf 90' lang='lat' dir='ltr'><strong>Romani</strong></span> <span class='ocrx_word' id='word_1_223' title='bbox 1347 3791 1524 3858; x_wconf 87' lang='lat' dir='ltr'><strong>Pontificis.</strong></span> <span class='ocrx_word' id='word_1_224' title='bbox 1532 3791 1648 3857; x_wconf 80' lang='lat' dir='ltr'><strong>Basso.</strong></span> <span class='ocrx_word' id='word_1_225' title='bbox 1660 3790 1739 3857; x_wconf 89' lang='lat' dir='ltr'><strong>XIV</strong></span> 
     </span>
     <span class='ocr_line' id='line_1_28' title="bbox 458 3913 1076 4000; baseline -0.002 -20"><span class='ocrx_word' id='word_1_226' title='bbox 458 3915 566 3980; x_wconf 82' lang='lat' dir='ltr'><strong>Const.</strong></span> <span class='ocrx_word' id='word_1_227' title='bbox 593 3913 636 3980; x_wconf 81' lang='lat' dir='ltr'><strong>Iu</strong></span> <span class='ocrx_word' id='word_1_228' title='bbox 649 3917 779 3981; x_wconf 78' lang='lat' dir='ltr'><strong>sublimi</strong></span> <span class='ocrx_word' id='word_1_229' title='bbox 801 3917 843 3982; x_wconf 83' lang='lat'><strong>29</strong></span> <span class='ocrx_word' id='word_1_230' title='bbox 868 3914 954 4000; x_wconf 86' lang='lat' dir='ltr'><strong>Aug.</strong></span> <span class='ocrx_word' id='word_1_231' title='bbox 981 3916 1076 3980; x_wconf 82' lang='lat'><strong>1741.</strong></span> 
     </span>
    </p>

    <p class='ocr_par' dir='ltr' id='par_1_6' title="bbox 457 4037 1740 4253">
     <span class='ocr_line' id='line_1_29' title="bbox 548 4037 1739 4126; baseline 0.002 -22"><span class='ocrx_word' id='word_1_232' title='bbox 548 4037 658 4116; x_wconf 84' lang='lat' dir='ltr'><strong>Quoad</strong></span> <span class='ocrx_word' id='word_1_233' title='bbox 682 4041 897 4106; x_wconf 89' lang='lat' dir='ltr'><strong>conditionem</strong></span> <span class='ocrx_word' id='word_1_234' title='bbox 929 4040 1079 4104; x_wconf 90' lang='lat' dir='ltr'><strong>cessionis</strong></span> <span class='ocrx_word' id='word_1_235' title='bbox 1112 4040 1259 4105; x_wconf 84' lang='lat' dir='ltr'><strong>beneficii</strong></span> <span class='ocrx_word' id='word_1_236' title='bbox 1292 4041 1326 4106; x_wconf 91' lang='lat' dir='ltr'><strong>in</strong></span> <span class='ocrx_word' id='word_1_237' title='bbox 1361 4039 1504 4106; x_wconf 85' lang='lat' dir='ltr'><strong>favorem</strong></span> <span class='ocrx_word' id='word_1_238' title='bbox 1539 4041 1639 4126; x_wconf 87' lang='lat' dir='ltr'><strong>tertii,</strong></span> <span class='ocrx_word' id='word_1_239' title='bbox 1673 4045 1739 4106; x_wconf 88' lang='lat' dir='ltr'><strong>tres</strong></span> 
     </span>
     <span class='ocr_line' id='line_1_30' title="bbox 457 4162 1740 4253; baseline 0.002 -26"><span class='ocrx_word' id='word_1_240' title='bbox 457 4163 578 4248; x_wconf 86' lang='lat' dir='ltr'><strong>pariter</strong></span> <span class='ocrx_word' id='word_1_241' title='bbox 600 4165 688 4253; x_wconf 89' lang='lat' dir='ltr'><strong>leges</strong></span> <span class='ocrx_word' id='word_1_242' title='bbox 715 4163 1014 4232; x_wconf 85' lang='lat' dir='ltr'><strong>animadvertendae</strong></span> <span class='ocrx_word' id='word_1_243' title='bbox 1037 4168 1132 4229; x_wconf 92' lang='lat' dir='ltr'><strong>sunt:</strong></span> <span class='ocrx_word' id='word_1_244' title='bbox 1160 4162 1192 4246; x_wconf 86' lang='lat'><strong>1)</strong></span> <span class='ocrx_word' id='word_1_245' title='bbox 1216 4163 1262 4232; x_wconf 89' lang='lat' dir='ltr'><strong>Ut</strong></span> <span class='ocrx_word' id='word_1_246' title='bbox 1292 4164 1481 4230; x_wconf 88' lang='lat' dir='ltr'><strong>beneficium</strong></span> <span class='ocrx_word' id='word_1_247' title='bbox 1511 4166 1740 4252; x_wconf 89' lang='lat' dir='ltr'><strong>resignationis</strong></span> 
     </span>
    </p>
   </div>
   <div class='ocr_carea' id='block_1_3' title="bbox 457 4277 1740 4372">
    <p class='ocr_par' dir='ltr' id='par_1_7' title="bbox 457 4277 1740 4372">
     <span class='ocr_line' id='line_1_31' title="bbox 457 4277 1740 4372; baseline 0.003 -21"><span class='ocrx_word' id='word_1_248' title='bbox 457 4309 558 4372; x_wconf 86' lang='lat' dir='ltr'><strong>capax</strong></span> <span class='ocrx_word' id='word_1_249' title='bbox 581 4277 633 4369; x_wconf 90' lang='lat' dir='ltr'><strong>sit,</strong></span> <span class='ocrx_word' id='word_1_250' title='bbox 657 4290 690 4355; x_wconf 92' lang='lat' dir='ltr'><strong>id</strong></span> <span class='ocrx_word' id='word_1_251' title='bbox 714 4292 762 4354; x_wconf 91' lang='lat' dir='ltr'><strong>est</strong></span> <span class='ocrx_word' id='word_1_252' title='bbox 785 4291 821 4352; x_wconf 89' lang='lat' dir='ltr'><strong>nt</strong></span> <span class='ocrx_word' id='word_1_253' title='bbox 843 4307 909 4352; x_wconf 91' lang='lat' dir='ltr'><strong>non</strong></span> <span class='ocrx_word' id='word_1_254' title='bbox 931 4287 974 4352; x_wconf 91' lang='lat' dir='ltr'><strong>sit</strong></span> <span class='ocrx_word' id='word_1_255' title='bbox 997 4288 1183 4372; x_wconf 77' lang='lat' dir='ltr'><strong>litigiosum,</strong></span> <span class='ocrx_word' id='word_1_256' title='bbox 1207 4311 1272 4354; x_wconf 92' lang='lat' dir='ltr'><strong>non</strong></span> <span class='ocrx_word' id='word_1_257' title='bbox 1295 4295 1498 4370; x_wconf 71' lang='lat' dir='ltr'><strong>reservatum,</strong></span> <span class='ocrx_word' id='word_1_258' title='bbox 1522 4313 1586 4356; x_wconf 92' lang='lat' dir='ltr'><strong>non</strong></span> <span class='ocrx_word' id='word_1_259' title='bbox 1611 4291 1740 4356; x_wconf 78' lang='lat' dir='ltr'><strong>unitum</strong></span> 
     </span>
    </p>
   </div>
   <div class='ocr_carea' id='block_1_4' title="bbox 456 4411 1817 4876">
    <p class='ocr_par' dir='ltr' id='par_1_8' title="bbox 456 4411 1817 4876">
     <span class='ocr_line' id='line_1_32' title="bbox 456 4411 1740 4498; baseline 0.001 -20"><span class='ocrx_word' id='word_1_260' title='bbox 456 4413 503 4478; x_wconf 87' lang='lat' dir='ltr'><strong>ita</strong></span> <span class='ocrx_word' id='word_1_261' title='bbox 527 4418 563 4477; x_wconf 94' lang='lat' dir='ltr'><strong>ut</strong></span> <span class='ocrx_word' id='word_1_262' title='bbox 586 4436 643 4497; x_wconf 88' lang='lat' dir='ltr'><strong>per</strong></span> <span class='ocrx_word' id='word_1_263' title='bbox 665 4411 765 4476; x_wconf 87' lang='lat' dir='ltr'><strong>talem</strong></span> <span class='ocrx_word' id='word_1_264' title='bbox 797 4411 1048 4497; x_wconf 86' lang='lat' dir='ltr'><strong>resignationem</strong></span> <span class='ocrx_word' id='word_1_265' title='bbox 1079 4413 1154 4480; x_wconf 91' lang='lat' dir='ltr'><strong>unio</strong></span> <span class='ocrx_word' id='word_1_266' title='bbox 1187 4413 1337 4498; x_wconf 88' lang='lat' dir='ltr'><strong>suspendi</strong></span> <span class='ocrx_word' id='word_1_267' title='bbox 1367 4414 1492 4494; x_wconf 90' lang='lat' dir='ltr'><strong>debeat,</strong></span> <span class='ocrx_word' id='word_1_268' title='bbox 1527 4436 1591 4479; x_wconf 92' lang='lat' dir='ltr'><strong>non</strong></span> <span class='ocrx_word' id='word_1_269' title='bbox 1621 4434 1740 4482; x_wconf 81' lang='lat' dir='ltr'><strong>uacans</strong></span> 
     </span>
     <span class='ocr_line' id='line_1_33' title="bbox 456 4536 1817 4622; baseline 0.004 -21"><span class='ocrx_word' id='word_1_270' title='bbox 456 4539 526 4621; x_wconf 66' lang='lat' dir='ltr'><strong>r&#39;prso</strong></span> <span class='ocrx_word' id='word_1_271' title='bbox 549 4539 621 4602; x_wconf 82' lang='lat' dir='ltr'><strong>iure</strong></span> <span class='ocrx_word' id='word_1_272' title='bbox 650 4536 717 4600; x_wconf 89' lang='lat' dir='ltr'><strong>sive</strong></span> <span class='ocrx_word' id='word_1_273' title='bbox 752 4557 791 4600; x_wconf 87' lang='lat' dir='ltr'><strong>ex</strong></span> <span class='ocrx_word' id='word_1_274' title='bbox 824 4557 919 4602; x_wconf 87' lang='lat' dir='ltr'><strong>causa</strong></span> <span class='ocrx_word' id='word_1_275' title='bbox 954 4538 1106 4617; x_wconf 88' lang='lat' dir='ltr'><strong>criminis,</strong></span> <span class='ocrx_word' id='word_1_276' title='bbox 1130 4539 1197 4604; x_wconf 88' lang='lat' dir='ltr'><strong>sive</strong></span> <span class='ocrx_word' id='word_1_277' title='bbox 1231 4561 1269 4604; x_wconf 86' lang='lat' dir='ltr'><strong>ex</strong></span> <span class='ocrx_word' id='word_1_278' title='bbox 1304 4538 1368 4604; x_wconf 84' lang='lat' dir='ltr'><strong>alic</strong></span> <span class='ocrx_word' id='word_1_279' title='bbox 1398 4561 1502 4618; x_wconf 82' lang='lat' dir='ltr'><strong>cause,</strong></span> <span class='ocrx_word' id='word_1_280' title='bbox 1538 4559 1602 4605; x_wconf 78' lang='lat' dir='ltr'><strong>nou</strong></span> <span class='ocrx_word' id='word_1_281' title='bbox 1622 4545 1738 4622; x_wconf 80' lang='lat' dir='ltr'><strong>patro·</strong></span> <span class='ocrx_word' id='word_1_282' title='bbox 1814 4579 1817 4586; x_wconf 91' lang='lat'>·</span> 
     </span>
     <span class='ocr_line' id='line_1_34' title="bbox 456 4660 1739 4751; baseline 0.005 -27"><span class='ocrx_word' id='word_1_283' title='bbox 456 4666 568 4724; x_wconf 81' lang='lat' dir='ltr'><strong>notum</strong></span> <span class='ocrx_word' id='word_1_284' title='bbox 600 4663 657 4724; x_wconf 89' lang='lat' dir='ltr'><strong>aut</strong></span> <span class='ocrx_word' id='word_1_285' title='bbox 686 4660 857 4740; x_wconf 77' lang='lat' dir='ltr'><strong>electivum,</strong></span> <span class='ocrx_word' id='word_1_286' title='bbox 884 4663 947 4728; x_wconf 92' lang='lat' dir='ltr'><strong>nisi</strong></span> <span class='ocrx_word' id='word_1_287' title='bbox 976 4663 1060 4728; x_wconf 88' lang='lat' dir='ltr'><strong>forte</strong></span> <span class='ocrx_word' id='word_1_288' title='bbox 1092 4663 1220 4748; x_wconf 87' lang='lat' dir='ltr'><strong>patroni</strong></span> <span class='ocrx_word' id='word_1_289' title='bbox 1255 4668 1312 4730; x_wconf 90' lang='lat' dir='ltr'><strong>aut</strong></span> <span class='ocrx_word' id='word_1_290' title='bbox 1345 4663 1534 4751; x_wconf 89' lang='lat' dir='ltr'><strong>eligentium</strong></span> <span class='ocrx_word' id='word_1_291' title='bbox 1568 4685 1739 4731; x_wconf 86' lang='lat' dir='ltr'><strong>consensus</strong></span> 
     </span>
     <span class='ocr_line' id='line_1_35' title="bbox 456 4782 1741 4876; baseline 0.005 -28"><span class='ocrx_word' id='word_1_292' title='bbox 456 4782 597 4848; x_wconf 88' lang='lat' dir='ltr'><strong>accedat.</strong></span> <span class='ocrx_word' id='word_1_293' title='bbox 623 4783 674 4849; x_wconf 88' lang='lat' dir='ltr'><strong>Ad</strong></span> <span class='ocrx_word' id='word_1_294' title='bbox 696 4783 790 4850; x_wconf 87' lang='lat' dir='ltr'><strong>haec:</strong></span> <span class='ocrx_word' id='word_1_295' title='bbox 815 4785 849 4868; x_wconf 84' lang='lat'><strong>2)</strong></span> <span class='ocrx_word' id='word_1_296' title='bbox 873 4787 1046 4873; x_wconf 90' lang='lat' dir='ltr'><strong>requiritur</strong></span> <span class='ocrx_word' id='word_1_297' title='bbox 1067 4793 1104 4854; x_wconf 92' lang='lat' dir='ltr'><strong>ut</strong></span> <span class='ocrx_word' id='word_1_298' title='bbox 1127 4788 1294 4876; x_wconf 89' lang='lat' dir='ltr'><strong>resignans</strong></span> <span class='ocrx_word' id='word_1_299' title='bbox 1316 4789 1403 4854; x_wconf 89' lang='lat' dir='ltr'><strong>intra</strong></span> <span class='ocrx_word' id='word_1_300' title='bbox 1426 4787 1542 4875; x_wconf 88' lang='lat' dir='ltr'><strong>viginti</strong></span> <span class='ocrx_word' id='word_1_301' title='bbox 1567 4787 1633 4854; x_wconf 89' lang='lat' dir='ltr'><strong>dies</strong></span> <span class='ocrx_word' id='word_1_302' title='bbox 1663 4793 1741 4874; x_wconf 92' lang='lat' dir='ltr'><strong>post</strong></span> 
     </span>
    </p>
   </div>
   <div class='ocr_carea' id='block_1_5' title="bbox 1496 5117 1525 5160">
    <p class='ocr_par' dir='ltr' id='par_1_9' title="bbox 1496 5117 1525 5160">
     <span class='ocr_line' id='line_1_36' title="bbox 1496 5117 1525 5160; baseline 0 -26"><span class='ocrx_word' id='word_1_303' title='bbox 1496 5117 1525 5160; x_wconf 44' lang='grc' dir='ltr'>ν</span> 
     </span>
    </p>
   </div>
   <div class='ocr_carea' id='block_1_6' title="bbox 0 0 1958 5690">
    <p class='ocr_par' dir='ltr' id='par_1_10' title="bbox 0 0 1958 5690">
     <span class='ocr_line' id='line_1_37' title="bbox 0 0 1958 5690; baseline 0 0"><span class='ocrx_word' id='word_1_304' title='bbox 0 0 1958 5690; x_wconf 95' lang='lat' dir='ltr'><strong> </strong></span> 
     </span>
    </p>
   </div>
  </div>
 </body>
</html>
