3906 5690
794 535 936 588 „25-

220 715 398 796 scopatum,
423 709 487 775 alia
508 711 707 778 renunciatio
730 716 779 777 est
801 711 864 777 loci
886 717 1024 793 tantum,
1042 735 1123 798 quae
1146 713 1184 778 fit
1208 714 1337 780 dimissa
1361 713 1506 780 Ecclesia

221 836 276 900 sed
298 840 424 902 retenta
447 837 606 924 dignitate
618 837 806 923 episcopali,
823 838 887 904 alia
910 860 986 904 vero
1002 843 1051 906 111
1073 839 1136 904 1001
1151 840 1248 905 simul
1270 844 1303 905 et
1326 841 1505 926 dignitatis,

220 983 302 1046 quae
325 962 364 1026 fit
387 966 522 1046 utraque
545 984 578 1028 se
602 963 790 1042 abdicando,
822 985 877 1028 seu
900 964 1030 1030 dimisso
1054 963 1153 1030 etiam
1175 964 1297 1030 honore
1329 963 1505 1049 episcopali

221 1107 294 1150 cum
317 1086 394 1151 ordo
417 1085 596 1152 indelebilis
612 1088 664 1152 sit.
680 1087 783 1152 Porro
807 1087 862 1172 qui
878 1089 1070 1152 auctoritate
1094 1088 1301 1174 Apostolicae
1325 1087 1415 1154 Sedis
1438 1089 1505 1173 epi-

220 1215 389 1296 scopatum
411 1212 547 1278 dimittit
564 1216 601 1278 ut
616 1213 650 1278 in
666 1213 895 1278 monasterium
918 1212 1130 1299 ingrediatur,
1153 1215 1274 1298 potent
1290 1212 1354 1278 alia
1370 1213 1438 1278 vice
1464 1213 1505 1277 ad

220 1335 358 1420 primam
381 1335 432 1402 vel
456 1337 496 1402 ad
520 1336 618 1402 aliem
640 1337 818 1402 Ecclesiam
843 1337 930 1424 eligi,
955 1337 1041 1422 quod
1067 1359 1132 1403 non
1155 1342 1263 1423 potest
1287 1337 1341 1422 qni
1365 1337 1506 1402 criminis

221 1461 369 1546 expiandi
401 1483 496 1527 cansa
524 1463 559 1526 in
588 1463 817 1528 monastarium
847 1463 946 1528 fuerit
975 1463 1131 1530 detrusus.
1165 1463 1242 1548 Cap.
1276 1462 1422 1528 11111.
1453 1461 1505 1527 Ad

220 1585 322 1652 hacc:
348 1589 402 1670 qui
425 1586 477 1652 vel
499 1587 611 1672 populi
633 1584 854 1673 persecutione
888 1589 1059 1669 saeviente,
1084 1588 1135 1654 vel
1158 1589 1288 1672 propria
1317 1587 1505 1652 infirmitate

220 1709 369 1776 inductus
392 1711 590 1795 episcopatui
612 1713 717 1793 cessit,
733 1714 772 1778 iis
788 1713 1024 1798 impedimentis
1041 1713 1187 1794 sublatis,
1198 1713 1225 1778 si
1241 1735 1350 1778 rursus
1365 1711 1506 1799 eligatur

221 1834 384 1903 Ecclesiae
408 1835 555 1902 dimissae
579 1837 724 1924 regimen
755 1857 879 1902 sumere
902 1838 1018 1903 itanum
1048 1859 1113 1902 non
1136 1836 1334 1921 prohibetur.
1359 1837 1436 1921 Gap.
1463 1839 1502 1901 11

220 1960 303 2025 111.
328 1959 479 2036 Quamvis
514 1965 622 2027 autem
656 1962 697 2026 ad
731 1962 868 2046 primam
903 1961 1073 2027 dioecesim
1108 1961 1186 2048 eligi
1221 1983 1285 2026 non
1317 1961 1419 2046 possit
1450 1962 1505 2046 qui

219 2085 419 2151 renunciavit
442 2086 483 2150 ob
506 2084 694 2150 electionem
718 2086 872 2152 simoniae
905 2084 978 2154 labe
1008 2086 1172 2166 infectam,
1203 2107 1236 2150 se
1267 2086 1299 2150 id
1322 2086 1504 2171 ignorante,

220 2210 260 2274 ab
284 2209 351 2275 eius
374 2209 458 2274 forte
482 2211 726 2298 consanguineis
749 2214 945 2296 perpetrata,
968 2210 1056 2276 licite
1073 2221 1181 2276 tamen
1204 2211 1245 2276 ad
1268 2210 1364 2274 aliam
1390 2209 1503 2276 Eccle-

219 2335 300 2401 siam
323 2335 401 2422 eligi
423 2335 553 2420 poterit.
578 2335 655 2420 Gap.
686 2337 725 2402 11
750 2335 783 2400 h.
807 2341 832 2401 1.
855 2333 893 2402 11
915 2337 1063 2402 omnibus
1086 2357 1161 2402 vero
1189 2335 1342 2420 expositis
1377 2335 1502 2442 casihus

219 2481 303 2526 nova
327 2459 481 2526 electione
505 2481 585 2546 opus
608 2465 667 2524 est.

309 2583 401 2662 Quod
424 2585 542 2650 attinet
564 2585 605 2650 ad
628 2585 767 2664 modum,
792 2585 933 2650 dimissio
957 2585 1126 2668 dupliciter
1148 2585 1217 2649 fieri
1237 2587 1353 2668 potest,
1372 2583 1422 2648 vel
1439 2605 1505 2666 per

218 2731 252 2777 se
274 2709 326 2774 vel
348 2731 406 2793 per
421 2714 663 2791 procuratorem
679 2709 733 2792 qui
749 2709 931 2792 specialitm
946 2713 979 2772 et
995 2729 1051 2791 per
1067 2708 1285 2772 authenticam
1308 2708 1501 2792 scripturam

219 2835 260 2899 ad
283 2855 354 2900 eam
377 2833 587 2898 amittandam
610 2833 781 2917 deputatus
797 2834 848 2898 sit.
873 2831 908 2898 Si
923 2835 1112 2917 procurator
1128 2832 1271 2897 mandati
1294 2833 1373 2896 flues
1396 2853 1504 2896 exces-

219 2959 308 3039 serit,
332 2958 379 3023 ita
395 2959 530 3024 vitiatur
552 2961 649 3042 atque
672 2957 764 3022 Inita
779 2957 922 3022 redditur
936 2956 1146 3036 renunciatio,
1163 2961 1200 3021 ut
1215 2979 1254 3021 ne
1270 2955 1501 3021 ratihabitione

219 3085 347 3169 quidem
362 3081 469 3149 sanari
484 3082 596 3168 possit.
613 3079 887 3148 Scumncouurena
902 3082 935 3146 h.
952 3085 977 3146 t.
994 3104 1025 3146 n.
1044 3083 1097 3145 44.

308 3208 513 3275 Conditiones
529 3229 584 3273 seu
599 3206 689 3293 leges
712 3207 744 3271 iu
761 3207 1001 3272 renunciatione
1017 3205 1301 3289 servandaealiae
1316 3226 1502 3270 communes

219 3337 303 3412 suut,
320 3333 401 3396 aliae
414 3331 623 3416 quarumdam
639 3332 915 3397 renunciationum
931 3331 1089 3415 propriae.
1107 3331 1297 3397 Communes
1313 3334 1402 3396 runt:
1419 3329 1451 3412 l)
1465 3334 1502 3394 ut

220 3453 420 3518 renunciatio
435 3453 536 3518 libera
557 3455 611 3533 sit,
631 3454 679 3518 ita
702 3459 738 3519 ut
760 3455 787 3520 si
811 3459 898 3519 metu
922 3455 973 3519 vel
996 3455 1107 3520 fraude
1130 3455 1228 3520 fuerit
1251 3459 1388 3533 extorta,
1412 3455 1503 3518 iuxta

221 3554 391 3621 nonnullos
406 3557 541 3621 rescindi
556 3560 658 3641 possit
682 3558 968 3642 (Scuunnzoauneru
991 3559 1024 3622 h.
1041 3565 1065 3623 t.
1083 3583 1114 3624 n.
1132 3561 1167 3634 4;
1184 3559 1459 3623 111111111111111.
1476 3563 1502 3620 t.

222 3704 253 3746 n.
271 3677 327 3762 3.),
343 3679 434 3744 iuxta
450 3679 531 3746 alios
546 3680 590 3745 sit
605 3681 675 3763 ipso
692 3682 759 3744 iure
774 3681 874 3758 nulla,
891 3679 1019 3746 Granum
1035 3681 1158 3761 Expca.
1175 3681 1260 3744 iuris
1270 3679 1389 3760 pontif.
1406 3678 1503 3742 Parte

220 3805 247 3886 I,
264 3803 346 3872 Sect.
364 3805 445 3882 364;
464 3802 498 3886 2)
521 3808 559 3870 11
581 3805 640 3869 fiat
662 3805 748 3870 iustu
771 3827 875 3884 causa,
900 3805 1078 3870 cuiusmodi
1101 3807 1149 3869 est
1170 3802 1361 3888 impotentia
1380 3803 1420 3866 ad
1436 3823 1506 3866 exe·

221 3930 381 4016 quendum
404 3929 545 3994 officium
561 3951 600 3994 ex
616 3927 783 3994 debilitate
799 3930 951 4014 corporis,
968 3927 1111 3994 delectus
1124 3927 1283 3994 scientiae
1298 3925 1503 4005 necessariae,

221 4056 340 4120 crimen
356 4055 441 4138 quod
457 4054 555 4120 etiam
571 4057 645 4138 post
661 4053 894 4138 poenitentiam
908 4053 1064 4138 impediat
1079 4052 1296 4118 executionem
1312 4051 1418 4130 officii,
1434 4073 1504 4116 ma-

220 4179 292 4246 lltia
304 4179 460 4244 obdurata
472 4177 585 4264 plebis,
598 4199 680 4262 quae
695 4177 882 4244 Praelatum
897 4200 990 4243 sunm
1006 4180 1182 4257 aversetur,
1194 4180 1226 4241 et
1237 4175 1458 4262 irregularitas
1469 4175 1503 4240 in
1584 4227 1587 4232 .

220 4327 284 4390 qua
306 4325 370 4370 non
385 4303 469 4369 10111
492 4303 678 4388 dispensari.
701 4303 777 4368 Pms
793 4303 824 4368 V
840 4303 977 4369 Constit.
1005 4303 1132 4384 Quanta
1151 4303 1166 4366 l
1185 4300 1264 4385 Apr.
1284 4301 1390 4378 156&
1415 4297 1449 4382 3)
1466 4305 1504 4364 ut

219 4429 418 4494 renunciatio
442 4429 500 4492 fiat
523 4450 631 4494 coram
646 4429 819 4513 superiore,
836 4429 891 4512 qui
913 4427 1106 4514 regulariter
1121 4427 1154 4490 in
1177 4425 1341 4490 beneficiis
1357 4429 1406 4489 111
1421 4423 1502 4507 Epi·

219 4575 344 4639 scopus,
360 4575 424 4619 non
441 4557 549 4618 autem
565 4553 711 4619 Vicarius
728 4551 903 4632 Generalis,
916 4551 1006 4616 salvo
1023 4549 1154 4636 speciali
1170 4550 1322 4614 mandato
1339 4548 1502 4633 Episcopi.

220 4677 446 4744 Rsmrnusruan
473 4677 496 4742 l.
530 4699 556 4743 c.
587 4701 619 4744 n.
655 4679 686 4742 4.
719 4677 897 4762 Episcopus
931 4698 1006 4742 vero
1041 4658 1136 4740 debet
1168 4676 1255 4738 intra
1288 4694 1429 4738 mensem
1452 4672 1504 4738 vel

220 4803 389 4869 admittere
401 4803 453 4868 vel
468 4801 597 4868 reiicere
612 4801 894 4868 renunciationem.
912 4800 1084 4867 Gurooums
1099 4797 1180 4864 XIII
1197 4798 1333 4866 00111111.
1350 4797 1503 4865 Humano
