3872 5694
1046 561 1189 616 ..gq-

474 767 561 815 mam
591 745 718 830 quidem
753 743 811 808 sub
842 741 954 826 quovis
984 744 1153 824 praetextu
1186 739 1297 804 venire
1331 738 1450 822 absque
1480 737 1612 806 licentia
1645 736 1763 804 Sacrae

475 870 755 960 congregationis.

563 1001 594 1063 2.
617 997 745 1063 Poenae
768 999 876 1060 autem
899 993 1049 1060 adversus
1065 991 1242 1078 Episcopus
1263 1013 1329 1057 non
1351 991 1524 1058 residentes
1548 989 1657 1075 quales
1681 1013 1758 1058 cen·

473 1129 583 1192 sentm
604 1123 705 1189 etiam
726 1121 750 1186 ii
773 1120 828 1205 qui
856 1118 1031 1204 obreptitia
1059 1116 1198 1184 Romani
1230 1116 1397 1182 Pontificis
1429 1115 1523 1182 venia
1551 1116 1669 1182 absunt
1700 1114 1761 1200 (l),

474 1248 607 1334 (Bened.
638 1245 716 1312 XIV
739 1244 849 1312 Cenat.
872 1241 942 1324 cit.)
966 1247 1093 1328 praeter
1115 1241 1260 1308 mortalis
1282 1241 1407 1327 peccati
1430 1245 1565 1321 reatum,
1590 1245 1761 1326 sequentes

473 1379 568 1442 sunt:
596 1370 628 1454 1)
652 1371 796 1438 Privatio
820 1370 983 1436 fructuum
1005 1390 1064 1452 pro
1079 1370 1151 1433 rata
1167 1367 1342 1447 absentiae,
1367 1366 1456 1432 coss.
1480 1365 1571 1432 Turn.
1594 1366 1668 1432 looo
1692 1367 1761 1448 cit,

473 1500 521 1566 ita
536 1503 645 1564 tamen
667 1499 705 1562 ut
727 1494 869 1579 aliquam
893 1495 1017 1578 partem
1042 1492 1135 1577 (puta
1157 1489 1301 1573 tertiam)
1318 1514 1376 1576 pro
1398 1492 1601 1557 exsecutione
1624 1491 1762 1560 aliorum

474 1591 652 1690 officiorum
673 1620 811 1686 retinere
833 1617 967 1704 possint.
993 1617 1042 1684 cf.
1067 1615 1196 1682 Gratum
1218 1619 1252 1682 et
1274 1615 1454 1682 Tsussuaus
1476 1617 1500 1682 l.
1525 1639 1563 1697 c.,
1582 1617 1638 1701 qui
1661 1618 1762 1716 etiam

473 1747 613 1834 probant
636 1767 746 1812 eorum
769 1743 963 1829 opinionem,
987 1741 1042 1827 qui
1065 1743 1157 1808 aiunt
1178 1742 1263 1808 hanc
1295 1763 1434 1827 poenam
1467 1764 1532 1808 non
1556 1741 1701 1830 obligare
1725 1744 1760 1808 in

473 1873 680 1951 conscientia,
703 1870 766 1936 nisi
789 1874 863 1955 post
886 1869 1088 1949 sententiam,
1112 1869 1189 1935 licet
1215 1869 1414 1936 contrarium
1445 1869 1545 1936 statui
1569 1869 1718 1935 videatur
1741 1891 1763 1934 6

473 1997 617 2066 Concilio
640 1995 728 2062 Trid.
752 1995 774 2062 l.
799 2018 826 2061 o.
851 1993 885 2076 2)
910 1994 1022 2072 Quoad
1045 2017 1099 2060 eos
1124 1995 1179 2079 qui
1203 2016 1259 2060 sex
1285 2015 1410 2060 menses
1443 1995 1611 2060 continuos
1645 1994 1761 2062 abfue-

474 2124 550 2203 rint,
562 2121 702 2207 privatio
718 2121 789 2205 ipso
805 2119 893 2186 facto
908 2119 1097 2186 incurrendo
1112 2123 1246 2205 quartae
1261 2119 1364 2204 partis
1380 2118 1545 2186 fructuum
1560 2119 1656 2188 unius
1672 2112 1761 2201 enni,

477 2253 548 2313 tum
570 2245 702 2311 alterius
725 2248 859 2330 quartae
882 2244 994 2328 partis,
1015 2245 1042 2310 si
1066 2242 1146 2310 alios
1169 2266 1225 2310 sex
1259 2265 1384 2310 menses
1416 2245 1450 2310 in
1472 2244 1619 2310 absentia
1642 2247 1762 2330 persti-

475 2370 585 2436 terint.
610 2367 644 2451 3)
668 2368 780 2445 Quoad
813 2389 867 2434 eos
901 2368 957 2452 qui
990 2367 1124 2434 ulterius
1156 2368 1190 2434 in
1225 2369 1428 2434 contumacia
1450 2373 1605 2453 perstent,
1629 2371 1763 2456 gravior

480 2517 583 2584 poena
606 2517 626 2560 a
648 2495 795 2560 Itomano
817 2493 976 2559 Pontifice
997 2493 1183 2580 infligenda,
1207 2495 1262 2580 qni
1286 2493 1418 2579 proinde
1441 2495 1564 2560 moneri
1587 2495 1626 2560 de
1649 2517 1762 2562 eorum

478 2619 624 2686 absentia
647 2618 743 2684 debet
776 2617 1082 2703 aMetropolitano,
1113 2617 1164 2684 rel
1194 2619 1224 2684 si
1246 2617 1520 2704 Metropolitanus
1547 2643 1618 2686 reus
1642 2620 1695 2700 sit,
1719 2621 1762 2688 ab

381 2789 397 2820 .
475 2744 637 2830 Episcopo
662 2741 843 2827 antiquiore
858 2743 1051 2828 provinciae,
1067 2743 1163 2830 idque
1178 2744 1237 2810 sub
1254 2766 1359 2830 poena
1375 2745 1549 2825 interdicti,
1566 2746 1655 2814 Cone.
1668 2743 1760 2812 Tam.

474 2868 558 2936 Sess.
582 2867 641 2949 VI,
666 2868 744 2953 Gap.
768 2867 785 2934 I
807 2867 846 2934 dc
863 2866 946 2951 Res,
970 2869 1058 2934 cuius
1082 2873 1190 2934 tamen
1216 2890 1369 2936 censurae
1386 2869 1546 2936 absolutio
1562 2893 1627 2937 uon
1642 2875 1692 2937 est
1714 2893 1761 2938 re

471 2998 609 3060 servata.
634 2991 684 3060 Of.
708 2991 887 3057 Tarsenses
909 2991 933 3056 l.
956 3013 984 3058 c.
1008 2989 1042 3072 4)
1067 2991 1179 3067 Quoad
1202 3014 1314 3058 omnes
1343 2995 1524 3078 generatim
1553 3017 1657 3078 poena
1683 3001 1762 3081 post

475 3117 589 3184 iudicis
611 3118 804 3184 sententiam
827 3115 1015 3182 incurrenda
1041 3115 1188 3180 consistit
1211 3120 1281 3181 tum
1305 3117 1339 3182 in
1362 3117 1543 3200 privatione
1566 3119 1633 3183 sive
1655 3119 1759 3186 facul·

473 3243 552 3308 tatis
574 3241 726 3321 testandi,
742 3241 770 3307 si
789 3239 880 3306 illam
903 3243 998 3305 antea
1021 3239 1228 3319 obtinuerint,
1252 3241 1320 3306 sive
1344 3240 1542 3306 indultorum
1566 3263 1647 3325 quae
1671 3246 1759 3307 tam-

475 3388 572 3452 quam
594 3365 761 3451 pontificio
784 3362 866 3429 solio
890 3363 1111 3429 assistentibus
1134 3363 1247 3429 iisdem
1270 3367 1468 3450 competunt,
1492 3370 1562 3432 tum
1577 3366 1611 3430 in
1627 3365 1757 3431 inhabi-

473 3491 567 3560 litate
582 3491 624 3558 ad
639 3490 776 3556 maiores
791 3489 967 3576 dignitates
978 3493 1011 3555 et
1026 3488 1186 3557 Ecclesiae
1198 3489 1401 3557 obtinendas.
1418 3491 1535 3557 Barsa.
1551 3489 1630 3558 XIV
1646 3491 1758 3558 Oonst.

473 3619 530 3688 Aa
551 3619 704 3686 universo
728 3617 748 3681 3
771 3619 853 3701 sept.
880 3615 978 3682 1746.

559 3741 706 3825 Denique
722 3741 755 3806 in
767 3739 905 3806 Decreta
921 3739 1097 3808 Auamunar
1112 3739 1176 3809 VII
1191 3742 1255 3808 diei
1271 3743 1314 3808 26
1330 3741 1401 3808 iulii
1419 3743 1517 3819 1662,
1533 3740 1621 3805 ultra
1637 3761 1759 3826 poenas

471 3866 611 3930 asseris
636 3865 810 3930 canonibus
844 3869 957 3930 666116
986 3887 1051 3930 non
1081 3865 1255 3930 residentes
1289 3865 1494 3943 constitutas,
1530 3885 1634 3949 poena
1657 3865 1756 3932 etiam

471 3987 688 4073 suspensionis
712 3988 752 4054 ab
776 3988 962 4054 executione
984 3987 1104 4053 ordinis
1128 3987 1318 4071 episcopalis
1342 3985 1440 4052 etiam
1463 3987 1643 4074 impropria
1667 3990 1757 4055 dice·

471 4112 545 4192 cesi,
562 4112 633 4196 ipso
654 4111 742 4178 facto
766 4117 799 4178 et
815 4112 935 4196 absque
950 4109 1015 4174 ulia
1031 4109 1245 4175 declaratione
1262 4111 1462 4192 incurrenda,
1478 4113 1621 4179 sancitur
1643 4119 1758 4180 contra

469 4236 648 4322 Episcopus
671 4238 705 4302 in
728 4236 806 4302 locis
829 4234 1017 4300 missionum
1039 4256 1105 4299 non
1127 4229 1302 4302 residentes
1326 4235 1446 4322 absque
1462 4239 1556 4304 venia
1572 4240 1606 4304 in
1626 4239 1757 4325 scriptis

472 4363 617 4430 obtenta.

559 4487 683 4552 Eodem
699 4485 828 4567 insuper
840 4481 966 4548 decreto
979 4481 1168 4565 declaratur,
1180 4481 1371 4552 sanctitatis
1384 4485 1468 4554 Suae
1480 4492 1621 4554 mentem
1633 4509 1755 4574 nequa·

541 4695 580 4765 (1)
600 4695 684 4750 Talea
704 4713 761 4752 non
780 4694 986 4765 existimantur,
1007 4697 1108 4754 saltem
1127 4701 1258 4769 respectu
1276 4716 1439 4770 poenarum,
1457 4701 1506 4771 qni
1524 4719 1579 4758 non
1598 4702 1676 4758 ultra
1693 4703 1756 4758 mil·

468 4783 614 4930 {effla
632 4783 754 4842 dioecesi
772 4785 883 4843 absunt
904 4783 948 4842 Of.
967 4787 1076 4844 Giraldi
1094 4804 1122 4858 p.
1135 4786 1161 4843 2.
1174 4792 1242 4846 sect.
1262 4788 1305 4846 86.
1319 4789 1485 4846 Tnasrurus
1498 4790 1545 4848 De
1558 4793 1659 4861 poenis
1668 4791 1754 4848 verbo

533 4873 538 4886 '
597 4874 646 4931 aa.
