3872 5694
994 535 1137 590 ..92-

422 715 455 779 in
478 715 637 781 Paschate
653 715 762 780 omnes
778 713 1012 779 communicent
1035 717 1069 778 et
1092 735 1132 777 an
1149 712 1203 797 qui
1218 711 1420 798 neglexerint
1440 709 1555 777 moniti
1572 709 1703 790 fuerint,

423 861 465 904 an
487 839 635 906 mulieres
659 840 783 904 decenti
806 837 925 905 vestitu
941 839 1104 918 accedant,
1129 860 1170 902 an
1194 837 1234 902 ad
1249 837 1393 902 infirmos
1409 836 1599 921 tempestiue
1615 833 1705 900 defe-

422 971 513 1032 ratur
536 969 568 1030 et
592 965 700 1030 debita
723 987 796 1030 cum
819 963 1029 1030 associatione
1051 963 1218 1042 luminum,
1243 985 1284 1027 an
1300 966 1332 1027 et
1348 962 1473 1047 quoties
1494 960 1704 1045 expositiones

422 1089 570 1174 publicae
592 1091 674 1156 fiant
697 1093 730 1154 et
752 1089 969 1174 processiones
993 1109 1065 1153 cum
1088 1087 1248 1153 delatione
1270 1084 1493 1152 Eucharistiae
1522 1079 1578 1172 (1).
1614 1083 1705 1149 Circa

422 1214 537 1279 missae
555 1213 802 1279 celebrationem
817 1214 1043 1299 inquirendum
1059 1217 1108 1279 est
1124 1235 1164 1278 an
1181 1212 1316 1278 calicum
1331 1215 1364 1276 et
1385 1215 1577 1296 patenarum
1592 1229 1706 1275 aurum
1784 1271 1786 1274 .

424 1359 487 1423 quo
510 1340 597 1405 intus
621 1340 736 1404 obduci
759 1339 877 1405 debent
909 1339 1083 1418 evanuerit,
1118 1360 1160 1402 an
1182 1337 1331 1423 planetae
1366 1337 1511 1420 aliaeque
1544 1338 1648 1400 vestes
1672 1337 1706 1398 et

423 1467 528 1529 cetera
551 1465 763 1529 instrumenta
792 1463 857 1528 sint
891 1463 1005 1529 attrita
1039 1467 1095 1528 aut
1128 1462 1302 1527 immunda.
1334 1460 1560 1546 Inquirendum
1596 1463 1705 1524 utrum

422 1589 523 1653 exteri
554 1588 733 1654 secerdotes
757 1589 877 1672 absque
900 1587 1017 1653 litteris
1046 1587 1233 1652 dimissoriis
1266 1587 1307 1651 ab
1341 1586 1502 1671 Episcopo
1530 1583 1704 1670 recognitis

422 1713 636 1778 admittantur
658 1713 698 1778 ad
721 1733 847 1777 sacrum
870 1713 1066 1791 faciendum
1091 1717 1200 1777 utrum
1223 1711 1322 1796 aliqui
1338 1711 1403 1776 sint
1418 1709 1474 1796 qui
1490 1710 1609 1794 absque
1629 1713 1704 1774 ton-

421 1859 496 1903 sura
512 1842 652 1918 acyeste
668 1837 807 1904 clericali
823 1837 957 1918 decenti,
974 1842 1031 1904 aut
1046 1859 1181 1923 propere
1197 1842 1253 1903 aut
1268 1838 1477 1902 irreverenter
1494 1835 1607 1900 missas
1623 1833 1706 1899 cele-

421 1964 526 2043 brent,
550 1967 607 2029 aut
630 1964 729 2028 etiam
752 1967 826 2028 ante
850 1984 998 2028 auroram
1020 1966 1077 2027 aut
1108 1967 1181 2047 post
1204 1963 1378 2028 meridiem.
1411 1961 1640 2045 Inquirendum
1662 1980 1704 2024 an

422 2087 589 2174 catalogus
613 2109 744 2153 onerum
771 2088 939 2152 missarum
963 2087 997 2151 in
1024 2087 1163 2152 sacrario
1183 2085 1254 2152 loco
1282 2087 1405 2172 patenti
1432 2089 1567 2172 prostet‚
1594 2088 1703 2150 utrum

421 2212 602 2278 habeantur
624 2211 709 2287 libri,
733 2234 797 2277 non
820 2211 910 2292 folia,
926 2212 960 2276 in
976 2211 1091 2296 quibus
1111 2211 1312 2276 sacerdotum
1326 2233 1424 2278 manu
1446 2213 1561 2278 missae
1584 2211 1703 2276 descri-

422 2337 540 2401 bantur
563 2336 603 2401 ad
627 2358 723 2402 onera
746 2335 908 2420 implenda
931 2337 1043 2401 eadem
1066 2336 1115 2402 die
1139 2335 1328 2402 celebratae.

513 2460 624 2538 Quoad
648 2465 883 2530 sacramentum
906 2461 1129 2528 Poeniteutiee
1150 2461 1375 2544 inquirendum
1391 2485 1432 2528 an
1447 2463 1632 2529 confessarii
1655 2463 1704 2529 in·

423 2587 492 2653 duti
515 2586 743 2672 superpelliceo
768 2608 805 2652 ac
828 2587 912 2652 stola
928 2591 970 2666 et,
987 2587 1072 2672 quod
1088 2591 1206 2656 attinet
1222 2590 1262 2656 ad
1277 2588 1425 2654 mulieres
1446 2589 1541 2674 (idem
1559 2592 1705 2674 praestat

423 2711 528 2797 quoad
551 2713 690 2797 pueros),
707 2712 738 2776 in
760 2712 834 2778 sede
857 2711 1080 2778 confessionali
1097 2714 1137 2779 od
1153 2719 1273 2780 cratem
1297 2714 1510 2780 confessiones
1526 2713 1703 2799 excipiant;

421 2841 530 2904 utrum
546 2837 739 2903 confessarii
755 2837 793 2904 de
807 2837 911 2902 aliena
927 2837 1065 2904 dioecesi
1081 2839 1293 2904 admittantur
1308 2840 1376 2905 sine
1392 2840 1543 2924 Episcopi
1556 2839 1702 2917 licentia3

422 2961 506 3026 circa
528 2962 617 3028 sedes
644 2961 900 3040 confessionales‚
932 2966 1037 3026 utrum
1062 2961 1127 3026 sint
1150 2963 1184 3026 in
1206 2962 1278 3028 loco
1301 2963 1419 3027 visibili
1443 2968 1476 3027 et
1499 2968 1620 3029 cratem
1641 2963 1703 3028 ha-

421 3085 520 3150 beant
543 3107 580 3149 ac
603 3085 756 3150 ostiolum
778 3107 841 3170 quo
865 3085 1045 3152 Sacerdotis
1077 3085 1175 3150 facies
1198 3085 1318 3170 populo
1346 3083 1533 3166 occultetur,
1557 3109 1703 3154 necnon

423 3211 510 3295 piam
534 3209 705 3294 quamdam
728 3211 903 3297 imaginem
919 3231 957 3275 ex
973 3214 1066 3296 parte
1090 3210 1295 3296 poenitentis,
1319 3214 1428 3276 utrum
1443 3210 1477 3274 in
1492 3211 1532 3276 iis
1547 3211 1591 3276 sit
1606 3211 1703 3276 affixa

422 3333 543 3400 tabella
566 3356 695 3400 casuum
717 3339 951 3402 reservatorum
973 3339 1034 3400 etc.

512 3457 624 3538 Quoad
658 3465 892 3527 sacramentum
920 3461 1092 3527 Extremae
1127 3459 1297 3526 Unctionis
1330 3459 1490 3545 inquirere
1524 3460 1703 3546 Episcopus

422 3585 517 3652 debet
539 3586 623 3652 circa
645 3586 774 3652 modum
798 3609 860 3671 qno
884 3608 1010 3652 sacrum
1026 3585 1130 3652 oleum
1154 3589 1309 3666 servatur,
1326 3607 1368 3650 an
1382 3585 1416 3650 in
1440 3585 1555 3651 cellula
1571 3607 1590 3651 a
1605 3608 1704 3652 cornu

421 3712 581 3798 evangelii
596 3734 703 3797 panno
719 3713 819 3778 serico
836 3711 975 3777 obducta
997 3712 1031 3777 in
1054 3711 1183 3777 vasculo
1206 3711 1323 3777 saltem
1345 3715 1501 3791 stamneo,
1517 3711 1551 3776 in
1574 3711 1705 3796 capsula

420 3836 530 3921 lignea
544 3835 677 3915 incluse,
695 3834 920 3919 circumposito
944 3835 1153 3919 undequaque
1168 3835 1313 3920 gossipio
1329 3838 1362 3898 et
1377 3857 1449 3899 cnm
1472 3857 1542 3899 sera
1566 3839 1599 3901 et
1622 3835 1706 3902 clari

420 3962 615 4041 extarnaque
631 3959 854 4043 inscriptione:
882 3957 992 4024 Oleum
1014 3959 1226 4025 intraturum.
1250 3957 1302 4022 Ad
1325 3957 1405 4023 haec
1427 3959 1586 4042 inquirere
1610 3960 1705 4026 debet

421 4083 505 4147 circa
528 4083 658 4147 modum
682 4104 745 4167 quo
769 4083 810 4148 ad
832 4083 976 4149 infirmos
999 4082 1140 4151 defertur
1162 4085 1195 4146 et
1219 4081 1302 4146 circa
1325 4082 1455 4148 modum
1478 4105 1541 4167 quo
1565 4085 1704 4150 admini-

420 4209 552 4272 stratur.

492 4400 532 4471 (1)
550 4401 714 4458 Benedictio
734 4401 781 4458 SS.
802 4401 978 4458 Sacramenti
991 4399 1131 4472 impertiri
1151 4417 1208 4456 non
1223 4404 1318 4471 potcst
1336 4401 1397 4458 sine
1422 4402 1555 4474 Episcopi
1578 4404 1704 4462 licentia.

420 4493 491 4550 Item
511 4493 711 4564 processiones,
732 4495 844 4562 praeiet
867 4509 915 4547 eas
941 4507 1015 4560 quae
1042 4507 1060 4546 a
1085 4489 1202 4546 rubricis
1231 4491 1467 4560 praescribuntur,
1493 4493 1539 4549 vel
1565 4495 1704 4564 expositio

420 4584 553 4640 solemnis
564 4583 612 4639 SS.
627 4581 803 4639 Sacramenti
816 4599 864 4637 seu
883 4597 956 4652 qnae
975 4581 1008 4636 fit
1025 4597 1076 4650 per
1088 4580 1283 4646 ostensorium,
1296 4581 1395 4636 haberi
1407 4586 1558 4652 nequeunt,
1570 4584 1627 4640 nisi
1640 4602 1704 4641 enm

420 4671 544 4728 eiusdem
554 4673 744 4744 permissione.
759 4669 914 4741 Expositio‚
927 4669 1020 4726 minus
1034 4669 1166 4726 solemnis
1179 4687 1252 4740 quae
1263 4671 1296 4726 fic
1309 4688 1359 4741 per
1371 4671 1504 4741 pixidem,
1514 4690 1571 4728 non
1585 4674 1705 4744 requirit

421 4760 579 4818 huiusmodi
598 4763 774 4833 permissum,
793 4763 878 4831 prout
896 4763 1010 4816 constat
1039 4777 1075 4816 ex
1103 4759 1193 4829 Epist.
1221 4761 1358 4816 Buranun.
1381 4761 1447 4815 XIV
1471 4762 1509 4816 od
1535 4761 1706 4834 Episcopum

419 4847 588 4906 Warmiens.
610 4853 642 4906 17
666 4850 747 4921 april.
769 4851 845 4906 1746.
865 4866 993 4906 necnon
1012 4866 1046 4904 ax
1069 4849 1127 4905 alia
1147 4849 1183 4904 ud
1202 4847 1284 4904 Card.
1303 4849 1387 4904 Urbis
1406 4847 1467 4906 Vic.
1486 4851 1520 4904 27
1539 4849 1602 4906 iulii
1625 4854 1704 4909 1755.
