3906 5690
815 490 957 544 -59...·

334 665 397 732 Sed
427 673 524 752 caput
553 669 756 753 potissimum
789 669 823 734 iu
858 691 921 753 quo
957 668 1106 755 delegata
1136 669 1288 754 Episcopi
1322 673 1466 764 potsstas
1494 693 1528 736 se

245 793 362 859 exserit
385 791 465 858 illud
488 795 547 872 est,
571 793 656 877 quod
680 793 719 858 ad
743 797 908 878 exemptos
932 798 965 859 et
987 795 1175 878 praesertim
1198 795 1237 860 ad
1258 794 1427 882 religiosos
1443 796 1528 862 viros

245 939 278 982 se
303 918 412 995 refert,
429 917 468 981 de
485 939 548 1001 quo
564 916 661 1002 paulo
684 917 785 982 fusius
802 917 1019 984 disserendum
1043 922 1102 984 est.
1119 912 1219 984 Porro
1236 919 1381 1004 quamvis
1401 919 1527 1006 legibus

246 1041 408 1126 Episcopi,
433 1041 488 1126 qui
515 1041 549 1106 in
571 1063 629 1108 sua
661 1042 796 1108 dioecesi
819 1041 978 1128 generalis
1002 1045 1112 1128 pastor
1134 1049 1193 1123 est,
1217 1044 1341 1110 subsint
1368 1050 1528 1130 quotquot

245 1165 332 1231 illius
355 1165 524 1234 dioecesim
547 1165 701 1246 incolunt,
725 1167 950 1250 cuiuscumque
973 1167 1038 1233 sint
1061 1171 1164 1233 status
1189 1173 1221 1232 et
1246 1169 1447 1248 conditionis,
1471 1191 1529 1254 par

246 1289 335 1375 leges
362 1293 470 1354 tamen
494 1289 662 1356 canonicas
685 1289 794 1374 aliqua
817 1291 960 1375 capitula
983 1296 1017 1356 et
1038 1291 1201 1378 regulares
1224 1293 1265 1356 ab
1295 1293 1528 1378 Episcoporum

244 1413 461 1480 iurisdictione
485 1413 626 1499 exempti
649 1419 734 1480 suut.
751 1414 840 1480 Haec
863 1419 972 1481 autam
988 1416 1159 1501 exemptio,
1176 1417 1251 1481 dum
1267 1417 1429 1503 regulares
1444 1417 1526 1482 libe-

246 1542 298 1602 rat
321 1559 340 1602 a
363 1537 560 1604 subiectione
583 1539 688 1623 quoad
711 1538 925 1619 Ordinarium,
950 1561 1004 1606 eos
1026 1545 1168 1608 reservat
1189 1541 1401 1606 iurisdictioni
1416 1542 1528 1607 imme·

246 1664 353 1728 dietae
388 1684 425 1727 ac
457 1663 635 1746 privativae
669 1663 759 1730 Sedis
794 1663 1014 1750 Apostolicae.
1046 1665 1151 1730 Boura.
1182 1663 1272 1730 VIII.
1296 1666 1405 1731 Cenat.
1431 1664 1540 1733 Sacer

248 1785 334 1853 Ordo
357 1794 466 1866 vestm,
492 1789 533 1852 16
562 1786 630 1852 Ian.
658 1789 752 1854 1288.
777 1789 995 1865 Quamobrem
1017 1790 1108 1855 nefas
1131 1794 1179 1854 est
1201 1788 1404 1876 regularibus
1426 1795 1529 1855 semet

244 1913 400 1978 subiicere
423 1910 591 1977 Ordinatio
613 1913 648 1978 in
670 1913 730 1993 iis,
743 1915 777 1977 in
800 1914 915 1997 quibus
939 1915 1080 1998 exempti
1102 1919 1188 1980 sunt.

338 2039 507 2103 Enimvero
532 2041 568 2102 ut
591 2039 785 2103 monasteria
807 2038 869 2104 hoo
893 2039 1104 2124 exemptionis
1128 2039 1299 2124 privilegio
1322 2040 1371 2105 uti
1393 2039 1527 2124 possint,

246 2161 472 2248 religiosorum
491 2183 641 2228 uumerus
663 2145 704 2226 in
719 2163 914 2228 monasterio
931 2163 1117 2249 degentium
1132 2164 1306 2248 requiritur
1328 2185 1348 2227 a
1369 2164 1437 2228 iure
1460 2167 1527 2229 sta·

244 2291 346 2352 tutus.
365 2287 468 2364 Quare
491 2287 553 2352 hoc
575 2287 745 2373 privilegio
761 2309 825 2352 non
841 2289 992 2354 fruuntur
1011 2289 1216 2365 monasteria,
1234 2309 1315 2372 quae
1331 2291 1437 2354 erecta
1452 2291 1527 2354 sunt

244 2431 304 2496 per
339 2410 468 2476 Italiam
492 2415 526 2476 et
547 2411 667 2478 insulas
696 2413 878 2478 adiacentes
907 2415 982 2478 ante
1005 2413 1114 2479 Const.
1138 2413 1262 2479 Urbani
1290 2411 1370 2479 VIII
1398 2413 1460 2478 diei
1484 2415 1525 2478 21

244 2659 303 2715 ocri
315 2663 441 2730 possunt.
461 2660 532 2716 Sunt
545 2661 615 2715 haec
627 2661 713 2730 probe
728 2660 901 2715 attendenda
916 2677 934 2713 a
945 2659 1138 2726 missiouariis,
1160 2661 1260 2728 quibus
1274 2660 1427 2715 facultates
1455 2675 1528 2714 com-

242 2749 431 2815 municantur,
451 2767 486 2806 ne
504 2751 534 2804 in
552 2749 689 2804 tribunali
707 2749 900 2819 poenitentiae
919 2748 953 2802 iis
972 2751 1090 2804 utantur
1109 2765 1177 2819 erga
1205 2749 1367 2819 peregrinos
1396 2749 1433 2804 ad
1450 2749 1526 2818 ipsos

243 2837 418 2895 accedentes.
438 2839 602 2894 Notandum
619 2843 717 2894 tamen
735 2842 779 2892 est
797 2838 872 2908 quod
889 2838 946 2904 ille,
965 2837 995 2892 iu
1015 2837 1093 2892 ouius
1119 2837 1248 2893 favorem
1278 2837 1400 2892 facultas
1431 2839 1528 2908 aliqua

243 2931 397 2994 exercetur,
417 2929 501 2984 debet
519 2927 639 2983 existere
657 2927 687 2982 in
706 2927 827 2982 dioecesi
848 2927 1017 2983 facultatem
1033 2927 1166 2984 habentis
1185 2945 1218 2984 eo
1236 2931 1379 2983 momento
1398 2945 1453 2996 quo
1472 2929 1528 2997 ipsi

243 3033 279 3072 ea
297 3016 466 3086 impertitur,
485 3035 542 3072 nou
560 3034 626 3072 vero
646 3033 680 3072 eo
698 3019 839 3072 momento
859 3033 914 3084 quo
933 3015 994 3085 ipse
1013 3015 1082 3072 data
1100 3017 1155 3072 sibi
1174 3016 1312 3072 facultate
1327 3016 1424 3072 utItur.
1445 3017 1471 3072 S.
1491 3017 1527 3072 U·

244 3125 302 3161 rrv.
321 3106 380 3166 Iso.
399 3107 460 3161 Fer.
479 3105 527 3172 IV,
547 3107 581 3160 22
600 3123 663 3161 aor.
685 3106 754 3159 1865
773 3105 810 3160 ad
828 3105 854 3160 2.
873 3108 902 3160 et
922 3107 946 3160 3.
966 3105 1010 3160 Ab
1029 3106 1083 3160 hac
1101 3107 1200 3175 regida
1226 3105 1356 3161 nonnulli
1383 3105 1529 3174 excipiunt

243 3195 413 3250 facultatem
430 3194 570 3251 retinendi
590 3211 623 3250 ac
640 3193 753 3264 legendi
771 3193 857 3248 libros
876 3193 1048 3264 prohibitos:
1068 3195 1111 3250 hia
1126 3199 1221 3250 tamen
1240 3193 1450 3250 adhaerendum
1470 3213 1527 3250 nou

244 3287 386 3352 putamus,
405 3287 467 3340 tum
485 3284 553 3352 quia
570 3283 723 3338 facultates
742 3283 904 3352 personales
928 3286 1002 3349 sunt,
1023 3283 1141 3354 ideoque
1172 3301 1322 3353 personam
1352 3300 1528 3354 quocumque

246 3373 424 3438 comitantur,
452 3377 512 3428 tam
540 3373 614 3442 quia,
633 3376 666 3427 ut
683 3373 813 3438 diximus,
836 3373 988 3442 requiritur
1018 3375 1131 3428 tautum
1149 3376 1182 3430 ut
1201 3373 1233 3440 is,
1254 3373 1284 3428 in
1303 3373 1380 3428 cuius
1400 3374 1526 3428 favorem

245 3462 368 3516 facultas
388 3466 532 3518 exercetur
550 3461 580 3516 iu
599 3461 719 3518 dioecesi
734 3461 771 3517 sit
784 3479 816 3518 eo
829 3465 972 3518 momento
991 3479 1046 3532 quo
1060 3463 1151 3530 datur,
1170 3480 1228 3516 non
1246 3480 1312 3517 vero
1332 3479 1365 3516 eo
1384 3466 1528 3517 momento

246 3569 301 3620 quo
319 3551 388 3606 data
418 3550 556 3606 facultate
574 3549 671 3607 utitur.
692 3551 788 3606 Libros
820 3554 916 3606 autem
945 3551 1102 3620 prohibitos
1130 3551 1166 3604 ab
1185 3549 1324 3619 Episcopo
1343 3567 1400 3603 non
1419 3565 1478 3614 suo,
1498 3548 1529 3603 in

245 3639 327 3695 huius
347 3639 468 3696 dioecesi
493 3643 590 3696 tancre
609 3643 638 3698 et
665 3641 758 3710 legere
786 3639 956 3709 prohibetur.
977 3638 1107 3694 Ceterum
1126 3639 1252 3692 clausula
1270 3637 1354 3691 haec:
1374 3638 1474 3690 asciis
1485 3638 1528 3691 uti

244 3732 332 3798 possit
349 3733 412 3798 eta,
431 3747 488 3785 non
507 3733 550 3784 est
569 3728 762 3784 subaudienda
779 3729 810 3782 iu
828 3728 1013 3784 facultatibus
1032 3744 1104 3798 quae
1123 3725 1270 3796 Episcopis
1290 3743 1308 3779 a
1327 3724 1354 3779 S.
1374 3723 1445 3780 Sede
1465 3740 1528 3780 con-

245 3818 382 3886 feruntur,
402 3818 455 3873 nisi
484 3817 571 3874 fuerit
598 3835 740 3887 expressa,
762 3817 808 3872 vel
826 3817 909 3872 aliter
940 3819 1052 3872 constet
1070 3816 1105 3872 de
1124 3819 1218 3871 mente
1248 3813 1355 3870 Summi
1373 3813 1526 3878 Pontificio,

246 3909 293 3962 vel
310 3907 366 3962 nisi
384 3909 512 3964 subiecta
529 3907 650 3964 materia
668 3923 731 3962 eam
749 3905 884 3976 requirat,
911 3906 1104 3962 subaudienda
1132 3921 1197 3961 vero
1217 3908 1261 3960 est
1279 3903 1310 3959 in
1328 3903 1469 3959 facultate
1488 3903 1530 3958 di·

245 3997 399 4066 spensandi
417 4015 501 4068 super
518 3997 719 4067 impedimento
738 3996 845 4052 mixtae
863 3995 1016 4066 religionis.
1035 3997 1163 4050 lamrero
1182 4012 1216 4050 ex
1235 3994 1318 4049 dictis
1338 3992 1527 4061 consequitur:

248 4084 275 4153 l)
294 4085 470 4142 ordinandos
489 4087 538 4156 qui
560 4086 747 4142 instituuntur
765 4087 796 4140 in
815 4085 910 4155 aliquo
930 4084 1079 4141 seminario
1107 4083 1242 4140 dioecesis
1261 4101 1319 4138 uon
1337 4100 1413 4148 suae,
1432 4083 1528 4152 ibique

246 4175 282 4229 de
301 4191 438 4231 consensu
457 4193 569 4230 suorum
588 4175 800 4231 ordinariorum
819 4175 855 4230 ad
869 4174 980 4230 ordines
990 4176 1197 4243 promoventur,
1211 4172 1368 4242 dispensari
1377 4189 1435 4230 non
1447 4189 1529 4241 posse

244 4281 337 4333 neque
355 4265 385 4319 in
405 4264 577 4335 temporibus
596 4264 813 4330 ordinationum,
833 4263 967 4334 usquein
981 4263 1199 4333 irregularitate,
1213 4279 1305 4330 neque
1317 4261 1348 4316 in
1360 4265 1454 4316 aetate
1466 4265 1529 4326 etc.;

245 4357 358 4422 oportet
376 4353 464 4424 igitur
481 4357 514 4408 ut
532 4353 562 4408 in
580 4353 695 4424 propria
713 4353 835 4409 dioecesi
861 4353 1025 4408 ordinentur
1050 4352 1146 4422 ibique
1165 4369 1183 4406 a
1201 4349 1313 4420 proprio
1333 4349 1471 4418 Episcopo
1490 4349 1529 4402 di·

246 4446 422 4510 spensentur,
442 4446 492 4498 aut
509 4445 542 4498 ut
561 4443 696 4498 alteruter
725 4442 880 4513 Episcopus
911 4441 1033 4511 speciale
1057 4441 1094 4496 ad
1119 4441 1195 4493 hunc
1225 4438 1357 4494 effectum
1388 4437 1530 4492 indultum

244 4531 351 4586 habeat
369 4549 387 4586 a
406 4531 433 4586 S.
454 4531 532 4587 Sede.
552 4531 579 4599 2)
599 4533 768 4603 Episcopum
788 4531 817 4586 ri
835 4529 1037 4586 iurisdictionis
1065 4529 1224 4585 ordinariae
1243 4528 1273 4582 in
1292 4527 1464 4591 interstitiis,
1483 4527 1529 4582 rol

243 4618 277 4673 iu
295 4619 369 4676 rotie
388 4639 445 4676 non
464 4621 624 4687 reservatis,
644 4622 689 4677 vel
708 4621 738 4676 in
757 4620 939 4688 abstinentia,
958 4619 1005 4674 rel
1026 4617 1236 4687 irregularitate
1254 4617 1285 4672 in
1304 4615 1415 4672 casibus
1434 4633 1452 4670 a
1469 4614 1530 4670 iure

243 4707 303 4778 ipsi
320 4709 467 4776 concessis,
487 4710 706 4780 dispensamur,
725 4725 807 4779 posse
825 4727 876 4764 sua
894 4709 938 4764 uti
956 4711 1099 4777 potestate
1128 4725 1197 4777 erga
1221 4705 1349 4762 subditos
1368 4721 1441 4772 suos,
1461 4705 1530 4774 quin

244 4797 293 4852 vel
312 4797 372 4867 ipse
390 4799 436 4854 rel
454 4799 476 4853 ii
493 4798 525 4854 in
543 4799 664 4854 dioecesi
683 4815 734 4852 sua
753 4800 818 4853 actu
837 4797 972 4853 existant.
