3906 5690
686 1015 847 1101 LIBER
875 1015 1098 1103 PRIMUS.

369 1236 423 1304 lte
444 1235 618 1305 Personis
643 1237 796 1320 quaein
820 1238 911 1306 locis
935 1237 1149 1306 missionum
1172 1240 1415 1324 apostolicum

665 1361 915 1429 ministerium
939 1365 1121 1432 exercent.

341 1577 456 1642 Acturi
484 1578 518 1642 in
540 1577 602 1642 hoe
631 1577 736 1662 primo
759 1577 842 1643 libro
866 1577 904 1642 de
927 1580 1080 1664 personis,
1111 1601 1191 1665 quae
1214 1581 1248 1646 in
1271 1579 1350 1646 locis
1372 1602 1533 1648 sacrarum

250 1701 490 1786 expeditionum
513 1701 728 1768 ecclesiastico
754 1702 931 1768 ministerio
954 1704 1143 1790 funguntur,
1159 1727 1226 1770 rem
1250 1709 1351 1772 totam
1376 1728 1432 1771 sex
1447 1707 1534 1792 capi-

250 1827 337 1892 tibus
360 1825 619 1911 complectemur.

341 1951 379 2017 In
393 1953 497 2038 primo
521 1953 627 2038 capite
643 1953 681 2018 de
696 1952 866 2038 Episcopis
882 1953 1076 2019 dioecesanis
1091 1975 1234 2040 agemus,
1251 1975 1423 2039 eorumque
1438 1956 1533 2022 iuris·

251 2077 423 2144 dictionem
447 2074 528 2158 (tum
545 2077 741 2143 ordinariam
764 2078 798 2143 iu
813 2100 898 2157 suos,
922 2082 992 2143 tum
1008 2077 1190 2164 delegatam
1213 2079 1247 2143 in
1270 2078 1449 2165 exemptos)
1476 2103 1534 2147 nec

249 2225 315 2270 non
338 2204 518 2290 privilegia,
543 2225 641 2269 onera
664 2209 697 2269 et
721 2203 936 2269 emolumenta
959 2204 1179 2287 disquiremus.
1202 2203 1241 2269 ln
1264 2205 1366 2271 altere
1390 2206 1428 2270 de
1455 2206 1535 2290 Epi·

248 2329 354 2414 scopis
378 2328 575 2394 Titsdaribus
604 2329 787 2394 disseretur.
811 2325 849 2393 In
876 2329 972 2393 tertio
996 2329 1034 2393 de
1057 2328 1226 2413 Episcopis
1250 2329 1364 2414 quibus
1391 2331 1535 2414 superior

249 2454 477 2520 iurisdictionis
502 2454 620 2540 gradm
644 2458 703 2518 est.
728 2451 767 2518 In
791 2457 905 2538 quarto
929 2453 968 2518 de
983 2453 1121 2520 Vicariis
1143 2457 1176 2518 et
1198 2453 1374 2520 Praefectis
1390 2454 1533 2539 Aposto-

249 2579 331 2645 licis.
347 2579 385 2644 In
401 2580 514 2664 quinto
531 2578 569 2642 de
586 2577 756 2644 ordinariis
779 2577 1012 2663 Episcoporum
1036 2578 1244 2657 adiutoribus,
1260 2578 1389 2645 Vieario
1412 2578 1534 2645 seilicet

249 2705 400 2772 Generali
423 2708 456 2769 et
471 2703 629 2782 Feraneo,
653 2701 819 2780 Parochis‚
836 2701 992 2785 Capitulis
1016 2723 1053 2764 ae
1067 2701 1197 2766 Viearic
1218 2701 1395 2786 capitulari
1410 2707 1534 2786 pertra-

250 2830 400 2895 ctabitur.
424 2827 463 2893 In
486 2831 578 2892 sexto
601 2825 739 2909 denique
762 2824 800 2890 de
824 2825 935 2890 officiis
958 2829 1075 2910 agetur
1093 2823 1301 2890 Sacerdotum
1324 2825 1533 2892 saecularium

248 2977 286 3021 ac
314 2955 352 3020 de
375 2953 591 3040 Regularibus
615 2951 670 3036 qni
693 2951 727 3015 in
750 2950 847 3016 sacris
871 2949 1125 3034 expeditionibus
1148 2954 1324 3015 versantur.

337 3079 438 3145 Porro
462 3099 534 3143 eum
557 3078 592 3142 in
607 3077 669 3142 hoc
692 3075 795 3160 primo
819 3074 901 3140 libro
928 3095 1031 3139 sermo
1055 3076 1098 3140 sit
1124 3073 1327 3158 potissimum
1350 3075 1388 3140 de
1411 3074 1450 3139 iis
1477 3073 1533 3158 qui

247 3204 501 3270 iurisdictionem
517 3201 764 3268 ecelesiasticam
778 3204 935 3280 exercent,
952 3200 1035 3266 ratio
1052 3198 1170 3265 ordinis
1186 3199 1331 3284 postulat
1345 3203 1382 3265 ut
1397 3199 1430 3264 in
1443 3203 1533 3264 ante·

251 3452 306 3509 tur
328 3450 361 3508 et
376 3447 491 3528 quibus
506 3448 597 3512 illam
613 3450 782 3527 arnittant;
800 3450 885 3533 quod
900 3451 1085 3515 summatim
1101 3449 1223 3514 duobus
1239 3448 1344 3514 titulis
1366 3451 1532 3530 tamquam

250 3567 487 3655 prolegomenis
511 3572 693 3654 praemissis
716 3573 929 3655 expediemus.

777 3869 963 3938 TITULUS
986 3869 1011 3936 Ι.

500 4082 555 4134 De
571 4081 692 4133 modis
708 4081 843 4147 qulbus
859 4079 1020 4132 Praelatl
1038 4075 1282 4130 ecclesiastic!

635 4179 926 4232 lurlsdietlonem
943 4177 1150 4245 adquirunt.

339 4388 429 4454 Medi
452 4390 566 4474 quibus
588 4389 731 4459 Praelati
762 4389 967 4455 ecelesiastici
1000 4387 1250 4454 iurisdictionem
1274 4385 1447 4470 adquirunt
1470 4384 1532 4450 duo

250 4514 454 4599 potissimum
476 4520 690 4599 recensentur,
715 4515 836 4581 scilicet
859 4515 972 4580 electio
996 4519 1029 4578 et
1051 4513 1238 4599 postulatio,
1263 4511 1378 4596 quibus
1400 4509 1532 4595 adiungi

249 4641 345 4706 debet
367 4644 534 4725 tamquam
557 4639 723 4725 utriusque
752 4639 1019 4726 complementum
1044 4638 1254 4718 confirmatio,
1277 4641 1310 4702 et
1336 4635 1366 4702 si
1389 4635 1427 4699 de
1451 4633 1532 4718 Epi-

248 4766 354 4852 scopis
377 4771 505 4852 agatur,
530 4767 736 4832 consecratio.
