3906 5690
818 515 959 568 ...65-

246 682 279 740 in
299 683 486 744 tumulandis
508 683 665 760 defunctis,
691 687 722 745 in
737 686 897 748 deferenda
919 690 1059 764 umbella,
1083 691 1212 768 aliisque
1233 693 1391 770 similibus,
1417 715 1454 755 ex
1467 698 1532 758 eod.

247 783 321 860 Gap.
344 781 431 842 XIII.

327 879 374 940 10.
397 879 503 945 Quoad
522 883 765 942 observationem
785 885 902 944 dierum
923 883 1069 945 festorum
1090 905 1126 946 ex
1140 889 1274 948 eiusdem
1295 891 1427 968 episcopi
1441 909 1533 968 prae-

243 979 331 1056 cepto
351 978 609 1038 observandorum
629 997 666 1039 ex
687 981 760 1058 Gap.
782 983 854 1042 XII.
877 983 1011 1042 eiusdem
1032 983 1114 1046 8666.
1137 987 1237 1048 XXV.

326 1077 374 1137 11.
397 1076 500 1141 Quoad
520 1095 719 1138 censurarum
739 1080 973 1156 publicationem
987 1081 1155 1142 faciendam
1170 1102 1206 1142 ex
1220 1085 1363 1146 mandato
1378 1087 1450 1148 dicti
1466 1090 1533 1166 epi-

242 1176 324 1254 scopi
339 1176 370 1234 16
384 1193 489 1234 eorum
510 1176 652 1250 ecclesiia,
671 1178 904 1255 earumdemque
918 1189 1115 1240 censurarum
1130 1182 1381 1258 observationem,
1397 1187 1490 1244 etiarn
1506 1189 1530 1245 si

241 1274 447 1334 mendicantes
461 1275 531 1347 sint,
550 1291 587 1333 ex
606 1275 658 1336 cit.
677 1276 749 1353 Gap.
765 1277 837 1337 XII.
860 1278 945 1337 Trid.
962 1281 993 1337 et
1007 1278 1080 1355 (lap.
1097 1279 1127 1340 8.
1144 1280 1283 1358 Episcop.
1300 1282 1335 1340 de
1353 1284 1435 1359 priv.
1452 1285 1484 1342 in
1498 1285 1528 1345 6.

241 1372 305 1432 Ν66
326 1371 388 1430 11116
409 1369 597 1448 suffragatur
615 1373 804 1432 confirmatio
818 1375 923 1452 prIvil.
939 1393 958 1434 6
972 1376 1029 1437 Pro
1042 1376 1081 1437 V.
1099 1395 1247 1452 concesse,
1265 1397 1333 1438 cum
1352 1381 1531 1441 1666616611

240 1470 281 1528 ad
303 1471 449 1528 terminos
470 1471 566 1533 Ceno.
593 1471 684 1533 Tam.
707 1471 960 1535 exsecatione.
984 1475 1111 1536 (16666.
1136 1477 1168 1534 16
1193 1475 1343 1537 Giennen.
1372 1477 1528 1540 Obseruat.

242 1569 413 1628 interdicti,
442 1585 545 1628 mense
570 1587 641 1629 nov.
673 1569 761 1630 1584.
791 1568 863 1649 (111.
892 1571 921 1631 4.
948 1573 1029 1632 (1661.
1052 1589 1122 1648 pag.
1146 1571 1197 1653 7.)
1223 1577 1254 1632 et
1279 1575 1438 1636 Ventimil.
1464 1576 1528 1638 dee.

243 1664 330 1740 1586,
354 1667 392 1726 ad
416 1666 463 1727 18.
489 1665 555 1746 (lib.
579 1665 609 1727 5.
632 1685 702 1744 pag.
725 1667 792 1747 72).

323 1763 369 1824 12.
392 1764 496 1830 Quoad
510 1766 737 1825 observantiam
751 1767 991 1840 interdictorum,
1011 1785 1088 1844 quae
1102 1769 1259 1845 episeopus
1273 1771 1525 1846 promulgaverit,

239 1880 279 1920 ex
298 1863 349 1923 eit.
373 1863 446 1939 Gap.
471 1861 519 1923 12.
542 1865 574 1922 61
594 1863 805 1925 (insusurras
826 1865 851 1925 I.
875 1865 996 1924 desen.
1020 1883 1163 1926 excomm.
1187 1869 1219 1924 et
1239 1885 1275 1924 ex
1297 1867 1377 1927 decr.
1402 1869 1524 1931 Oenea.

237 1961 389 2022 Cosam
414 1959 711 2038 Caesaraugustam
731 1961 886 2021 interdicti
909 1963 942 2020 11
967 1964 1030 2022 iun.
1056 1961 1141 2036 1695,
1165 1982 1224 2039 quo
1244 1965 1432 2024 declaratum
1453 1965 1521 2041 1611,

236 2057 339 2117 166611
352 2059 390 2117 ad
403 2059 526 2117 illorum
540 2060 767 2119 observantiam
777 2061 890 2119 milites
902 2061 1202 2137 Hierosolymitanos,
1218 2080 1254 2120 ac
1265 2081 1301 2121 ex
1312 2063 1363 2122 611.
1378 2063 1524 2124 Giennen.

237 2159 275 2214 et
294 2156 499 2218 Ventimilien.

322 2253 368 2314 13.
396 2253 498 2318 Quoad
526 2253 698 2328 solemnem,
734 2257 789 2314 aut
818 2257 969 2332 publicam
1001 2257 1217 2334 expositionem
1247 2257 1303 2317 88.
1336 2259 1526 2320 8661666611

233 2352 352 2429 absque
378 2353 509 2430 episcopi
530 2353 662 2426 11666116,
690 2372 727 2412 ex
749 2354 868 2412 decreto
893 2355 1014 2416 96666.
1038 2355 1134 2416 (lonc.
1159 2355 1256 2414 relato
1284 2373 1303 2414 6
1327 2355 1466 2432 Fagnan.
1494 2359 1526 2417 in

234 2451 312 2527 Cap.
336 2449 384 2510 19.
422 2451 535 2521 Grave,
558 2451 594 2509 de
614 2450 690 2512 61116.
724 2452 789 2511 lud.
814 2452 878 2511 ord.
906 2469 937 2512 n.
960 2453 1011 2512 77.
1044 2455 1075 2511 61
1100 2453 1238 2529 pluribus
1269 2453 1399 2514 decretis
1425 2456 1524 2518 Cone.

235 2549 342 2611 Eersc.
365 2549 496 2610 611166.
520 2567 555 2608 ae
576 2550 672 2612 9666.
701 2549 808 2610 1616116
834 2567 853 2609 6
878 2550 977 2611 Lucro
1001 2550 1164 2612 Fanensis
1195 2552 1350 2628 Prompta
1376 2553 1523 2613 Biblioth.

234 2647 323 2707 verb.
346 2647 550 2707 Eucharistiae
571 2665 602 2706 n.
626 2645 676 2707 57.
1512 2703 1514 2708 .

319 2743 366 2804 14.
383 2743 486 2808 Quoad
499 2745 699 2804 retentionem
710 2743 859 2820 lampadis
869 2761 1012 2803 accensae
1022 2747 1094 2802 6616
1104 2743 1332 2804 1616166661616
1344 2747 1399 2807 88.
1412 2747 1525 2806 Sacra-

233 2843 340 2917 menti,
365 2861 402 2902 ex
421 2843 559 2902 Trident.
575 2844 607 2900 in
621 2843 741 2901 decreto
762 2843 798 2900 de
818 2841 953 2902 evitand.
969 2843 1001 2900 in
1022 2841 1167 2902 celebrat.
1189 2843 1276 2902 Miss.
1300 2844 1382 2904 Sess.
1405 2845 1519 2918 XXII,

233 2958 291 2999 nec
312 2940 422 2999 sufficit
442 2941 526 2999 illam
547 2957 704 3000 accensam
735 2939 868 2998 retinere
889 2939 921 2998 in
941 2939 1042 3013 choro,
1067 2957 1104 2998 ex
1124 2939 1244 2998 decreto
1265 2941 1363 3002 9666.
1390 2942 1523 3002 Riruum

234 3037 272 3096 21
298 3053 368 3114 aug.
394 3037 481 3098 1699.

318 3135 365 3196 15.
389 3135 492 3200 Quoad
512 3137 709 3210 observanda,
735 3139 766 3195 et
785 3135 930 3196 evitanda
953 3135 986 3194 in
1006 3135 1210 3194 celebratione
1229 3135 1402 3211 missarum,
1427 3137 1523 3196 etiam

233 3235 267 3293 in
288 3233 421 3293 ecclesiis
443 3252 566 3293 suorum
587 3233 735 3308 ordinum,
760 3251 798 3292 ex
818 3233 870 3295 611.
893 3233 979 3294 Trid.
1003 3233 1066 3294 dec.
1090 3236 1122 3292 61
1142 3233 1242 3295 Oeno.
1265 3234 1418 3298 (louvain
1449 3235 1524 3294 Ver-

232 3335 341 3394 661166.
364 3332 401 3390 21
424 3333 529 3391 martii
551 3330 640 3393 1643.

316 3428 364 3491 16.
388 3430 491 3496 Quoad
510 3430 728 3508 appositionem
749 3428 890 3489 insolitae
911 3427 1054 3505 imaginis
1076 3431 1107 3488 in
1128 3447 1232 3489 eorum
1254 3429 1397 3503 eceleins,
1426 3447 1523 3489 nova-

232 3547 303 3588 rum
333 3527 533 3606 reliquiarum
554 3529 779 3606 expositionem,
813 3545 848 3588 66
870 3545 1017 3586 novorum
1048 3528 1265 3586 mimoulorum
1289 3527 1523 3602 publicationem

233 3629 300 3686 sine
320 3628 450 3705 episcopi
471 3626 695 3704 approbatione,
721 3645 758 3686 ex
771 3625 857 3685 Trid.
880 3627 912 3684 in
927 3625 1046 3683 decreto
1068 3624 1104 3682 de
1126 3624 1227 3686 Invoe.
1250 3625 1283 3682 et
1302 3625 1440 3681 venerat.
1462 3624 1521 3681 616.

222 3726 316 3788 Sasu.
330 3725 440 3786 XXV.

315 3823 363 3884 17.
386 3822 489 3888 Quoad
515 3821 750 3901 publicationem
771 3819 1039 3896 indulgentiarum,
1057 3837 1094 3876 ex
1107 3817 1210 3878 eodem
1225 3815 1363 3878 Trident.
1379 3833 1445 3893 cap.
1463 3817 1518 3878 IX.

233 3922 317 3982 8666.
339 3921 439 3982 XXV.
462 3923 502 3982 de
521 3924 665 3998 Reform.

314 4019 362 4080 18.
385 4020 489 4085 Quoad
514 4019 691 4078 facultatem
715 4017 891 4078 absolvendi
912 4034 931 4076 6
951 4016 1072 4076 casibus
1097 4015 1157 4092 ipsi
1181 4013 1313 4092 episcopi
1339 4011 1516 4086 reservatis,

229 4137 268 4178 ex
289 4118 391 4178 eonst.
415 4119 598 4180 Quemnnms
618 4117 659 4177 Χ.
683 4116 829 4194 Superata
849 4117 869 4190 5
889 4115 918 4189 7,
946 4114 993 4174 11.
1016 4113 1087 4174 Κ61.
1111 4114 1175 4174 166.
1201 4111 1290 4172 1679.

256 4245 258 4248 ·
313 4215 360 4278 19.
384 4215 488 4281 Quoad
508 4217 679 4292 Ingressum
704 4215 895 4292 superiorum
915 4214 998 4271 intra
1018 4212 1191 4270 clausuram
1213 4209 1389 4270 6661611616
1413 4209 1520 4268 iisdem

228 4314 434 4374 subiectarum
445 4316 557 4390 absque
568 4313 757 4387 necessitate,
775 4315 807 4372 61
819 4312 877 4372 hae
890 4310 1121 4383 interveniente,
1141 4311 1167 4367 si
1181 4308 1312 4384 ingressi
1326 4307 1441 4366 1661161
1455 4307 1520 4366 6166

227 4414 403 4490 praesentia
416 4413 565 4492 Episcopi,
576 4413 633 4472 ,161
648 4412 775 4472 61161166
795 4411 1016 4471 ecclesiastieae
1030 4425 1185 4485 personae,
1210 4408 1249 4465 ab
1263 4425 1298 4466 eo
1319 4405 1428 4464 adhoc
1449 4421 1520 4480 spe-

227 4509 351 4570 cialiter
380 4511 545 4587 delegatae,
577 4529 614 4570 ex
634 4512 730 4570 const.
754 4510 855 4571 (1666.
877 4509 965 4569 XIII.
993 4505 1103 4567 1166116
1127 4505 1168 4563 23
1195 4504 1327 4564 decemb.
1358 4501 1458 4574 1581,
1489 4503 1520 4559 61

228 4611 418 4673 Anaxaunnx
439 4611 510 4671 VII.
534 4610 631 4670 Felici
653 4609 701 4669 13.
723 4607 795 4668 Kal.
818 4608 958 4667 novemb.
983 4603 1072 4665 1664.

308 4707 359 4769 29.
382 4707 486 4773 Quoad
506 4708 619 4768 dictum
640 4707 812 4784 ingressum
836 4705 997 4783 plusquam
1019 4701 1111 4762 semel
1132 4699 1163 4760 in
1185 4717 1263 4760 anno
1284 4715 1320 4757 ex
1334 4713 1426 4758 causa
1440 4696 1519 4760 visi-

229 4805 372 4868 tationis:
406 4807 485 4866 sicut
514 4810 547 4866 et
567 4806 664 4884 quoad
684 4803 938 4865 introductionem
968 4800 1123 4862 occasione
1153 4795 1326 4858 huiusmodi
1349 4793 1514 4872 ingressus,

1392 4940 1408 4994 5
