3906 5690
827 473 967 558 563-

248 709 251 716 ,
334 641 384 704 27.
416 641 547 725 Possunt
572 661 751 718 cognoscere
779 645 814 704 de
843 646 1044 722 subreptione,
1077 647 1127 706 rel
1154 648 1329 724 obreptione
1357 647 1536 708 facultatum

247 739 506 816 ¹Apostolicorum,
533 741 641 816 quibus
661 743 843 818 conceditur,
868 726 902 800 ut
922 744 961 802 ab
981 743 1220 820 ingredientibus
1250 746 1281 804 in
1303 746 1448 805 beneficia
1468 747 1538 806 iura

193 875 196 880 -
254 838 435 914 temporalia
455 839 624 916 angantur,
651 839 677 897 si
697 840 770 898 haec
792 841 823 898 in
845 858 917 900 usus
937 842 1003 917 pios
1024 859 1083 900 non
1103 845 1331 902 convertantur.
1361 845 1433 921 Cap.
1462 844 1537 904 XIV

256 937 359 1025 eadem
380 935 461 1025 Sess.
1005 935 1007 942 ’

337 1033 387 1094 28.
410 1035 527 1094 Debent
548 1035 738 1112 suspendere,
757 1035 949 1122 quoadusque
963 1037 1007 1095 eis
1023 1037 1183 1112 r'Idebitur,
1206 1056 1225 1096 a
1245 1039 1397 1098 beneficiis
1412 1039 1537 1100 clericos

247 1133 373 1218 publice
408 1132 635 1192 concubinarios
673 1134 855 1211 privareque
890 1135 983 1193 tertia
1018 1138 1105 1211 parte
1139 1135 1293 1194 fruetuum
1324 1137 1536 1196 beneficiorum

254 1249 387 1304 suorum,
407 1231 432 1289 si
447 1231 553 1289 moniti
574 1231 754 1290 concubinas
769 1249 827 1290 non
842 1231 1010 1293 dimIttunt.
1027 1233 1099 1309 Gap.
1115 1233 1190 1292 XIV
1204 1234 1285 1294 Sese.
1301 1235 1390 1294 XXV
1404 1235 1443 1294 de
1461 1236 1535 1312 Res.

247 1405 250 1414 ι
334 1328 384 1389 29.
408 1329 524 1388 Debent
544 1329 675 1406 episcopi
695 1347 839 1389 revocare
859 1333 1038 1406 patronatus
1057 1331 1147 1388 alicui
1168 1331 1312 1392 beneficio
1332 1333 1497 1409 acquIsitos
1519 1350 1538 1392 a

254 1427 458 1504 quadraqutn
478 1427 566 1514 annis
586 1429 665 1486 citra
685 1446 721 1487 ex
742 1431 913 1514 augmento,
939 1446 1000 1510 seu¹
1018 1447 1054 1487 ex
1076 1446 1154 1488 nova
1174 1431 1406 1504 constructione,
1431 1430 1482 1488 vel
1502 1448 1537 1488 ex

257 1525 351 1584 simili
372 1541 471 1598 causa,
498 1525 524 1582 si
545 1525 716 1601 repererint
736 1526 773 1583 oh
794 1526 965 1585 evidentem
986 1525 1123 1586 beneficii
1147 1527 1366 1602 necessitatem,
1392 1545 1451 1586 non
1472 1545 1538 1586 esse

244 1623 443 1708 consiliatos,
461 1622 533 1682 licet
546 1623 719 1700 Apostolica
732 1624 914 1684 auctoritate
933 1625 1090 1682 constituti
1105 1625 1176 1685 sint.
1196 1625 1268 1702 Cap.
1288 1627 1333 1684 IX
1348 1626 1429 1685 Sese.
1447 1625 1536 1684 XXV

247 1721 297 1804 ¹dc
317 1722 388 1797 Res.
412 1723 430 1795 ἓ
453 1721 606 1781 Similiter
627 1740 756 1799 quoque.

605 2037 608 2044 .
699 1987 1007 2046 APPENDIX
1043 1989 1095 2044 II.

386 2165 487 2234 Caene
510 2167 570 2232 aiii
592 2168 629 2232 in
651 2168 766 2250 quibus
790 2167 967 2252 Repuiures
991 2167 1209 2234 snbiIciuntur
1230 2165 1414 2252 Episcopis.

340 2411 367 2470 l.
389 2411 556 2486 Regulares
570 2411 771 2472 subliciuntur
790 2413 945 2489 Episcopis
966 2414 1063 2489 quoad
1084 2413 1299 2486 visitationem,
1324 2414 1540 2474 correctionem

255 2511 289 2569 et
309 2507 559 2587 iurisdictionem,
585 2511 610 2567 si
632 2509 802 2570 animarum
817 2528 921 2569 curam
935 2513 1095 2570 exerceant
1108 2529 1306 2587 personarum
1326 2512 1536 2584 saecularium,

258 2625 336 2684 quae
350 2625 409 2666 non
431 2610 501 2666 sunt
522 2608 557 2666 de
578 2609 830 2668 monasteriorum
852 2607 981 2685 familia3
1007 2609 1095 2666 sicuti
1117 2613 1149 2668 et
1169 2609 1266 2684 quoad
1286 2625 1411 2668 examen
1432 2609 1540 2668 vicarii

256 2706 351 2766 etiam
372 2705 551 2778 amoribilis,
570 2721 624 2780 per
639 2705 719 2782 ipsos
733 2705 765 2764 ih
779 2705 910 2782 propriis
924 2705 1058 2763 ecclesiis
1072 2705 1296 2781 parochialibus
1310 2706 1538 2765 constituendis

257 2803 458 2885 Euelpiuntar
479 2806 580 2884 tamen
601 2803 818 2862 monasterium
833 2803 1029 2862 cluniacense
1043 2821 1110 2862 cum
1132 2803 1195 2878 suis
1213 2802 1370 2876 limitibus,
1389 2805 1421 2862 et
1434 2821 1542 2862 mona—

258 2901 363 2975 steria,
388 2901 548 2978 inquibus
575 2901 717 2978 abbates,
743 2903 774 2959 et
793 2902 894 2977 capita
921 2901 1066 2960 Ordiuum
1089 2900 1222 2960 residere
1244 2900 1357 2960 solent:
1381 2902 1471 2976 atque
1492 2917 1536 2974 ea,

258 3002 291 3058 in
312 2999 420 3076 quibus
441 3000 612 3075 superiores
626 2999 863 3058 iurisdictionem
881 2998 1080 3076 episcopalem
1094 2999 1126 3057 in
1140 2999 1286 3076 parochos
1299 3001 1331 3058 et
1344 2999 1541 3074 parochianos

257 3099 387 3174 habent:
418 3097 520 3173 qualia
545 3101 616 3176 sunt
642 3097 708 3156 loca
729 3097 842 3156 nullius
863 3097 1015 3170 dioecesis
1047 3097 1079 3154 in
1107 3115 1184 3173 quae
1211 3096 1285 3170 loca,
1317 3097 1371 3155 aut
1398 3113 1542 3172 personas

247 3213 319 3274 ¹non
340 3195 469 3274 intendit
489 3195 699 3254 Tridentinum
714 3195 845 3272 episcopi
859 3190 1097 3268 iurisdictionem
1119 3195 1264 3269 tumuere,
1283 3195 1335 3253 sed
1348 3181 1468 3254 tantum
1483 3211 1543 3254 non

258 3311 383 3370 angere.
407 3295 478 3370 Cap.
501 3294 546 3352 XI
567 3294 648 3368 Sese,
672 3293 761 3352 XXV
781 3294 820 3353 de
840 3295 952 3368 Requl.
1133 3359 1136 3370 Α

341 3392 430 3450 Circa
450 3393 527 3450 hanc
548 3391 763 3466 sublectionem
788 3391 919 3450 videnda
944 3393 992 3450 est
1017 3391 1119 3450 Const.
1143 3391 1222 3451 Bru.
1245 3391 1330 3450 XIV.
1358 3389 1543 3451 Firmondis

260 3489 292 3548 8.
316 3489 386 3546 Idus
406 3489 509 3548 martii
533 3488 620 3547 1744.
645 3489 676 3548 in
708 3506 768 3564 qua
798 3490 817 3564 ἓ
851 3487 896 3563 11,
932 3488 1067 3548 declarat
1096 3489 1197 3562 etiam,
1227 3488 1304 3564 quod
1331 3483 1356 3544 si
1377 3488 1543 3562 Episcopus

261 3587 375 3662 dietum
395 3587 568 3664 parochum,
594 3603 646 3646 seu
669 3586 816 3644 vicarium
837 3585 1052 3644 removendum
1084 3603 1149 3643 esse
1170 3583 1359 3654 iudicaverit,
1385 3599 1543 3640 removere

260 3685 357 3762 possit
368 3685 478 3760 absque
490 3684 654 3761 superioris
665 3682 816 3760 regularis
827 3699 982 3756 consensu,
998 3682 1087 3740 sleuti
1098 3681 1243 3756 Superior
1253 3679 1396 3752 eIusdem,
1411 3678 1542 3754 episcopi

260 3799 407 3842 consensu
429 3801 487 3840 non
508 3783 665 3860 requisito.

342 3881 372 3939 2.
394 3880 497 3944 Quoad
518 3899 670 3939 accessum
692 3880 730 3937 ad
751 3879 899 3955 synodum
920 3879 1135 3950 dioecesanam,
1161 3878 1224 3934 tam
1245 3876 1271 3934 si
1293 3893 1351 3934 non
1376 3875 1544 3934 subdantur

260 3977 411 4055 capitulis,
424 3979 625 4052 generalibus,
651 3978 789 4063 quamsi
810 3994 915 4036 curam
946 3979 1055 4051 gerant
1085 3974 1280 4036 ecclesiarum
1311 3972 1539 4050 parochialium,

262 4075 433 4136 aliarumve
465 4075 674 4150 saecularium,
709 4076 801 4134 etiam
833 4091 1027 4148 annexarum,
1060 4092 1096 4132 ex
1122 4073 1225 4147 eodem
1253 4072 1390 4131 Trideut.
1418 4071 1491 4147 Cap.
1515 4069 1544 4130 11

263 4173 346 4234 Sess.
370 4174 474 4232 XXIV
494 4175 534 4234 de
554 4175 626 4249 Res.

345 4270 374 4329 3.
399 4270 502 4333 Quoad
516 4271 717 4330 saecularium
730 4269 932 4330 confessiones
946 4267 1118 4342 audiendas,
1134 4268 1226 4327 etiam
1242 4267 1438 4340 sacerdotnm,
1454 4267 1544 4342 atque

264 4368 442 4448 monialium
464 4369 520 4427 sibi
543 4369 761 4428 subiectarum:
796 4369 886 4426 sicuti
918 4371 949 4426 et
980 4367 1076 4442 quoad
1106 4367 1294 4443 punitionem
1323 4382 1377 4441 pro
1398 4363 1545 4422 fractione

265 4465 360 4542 sigilli
375 4466 603 4526 sacramentalis
618 4484 654 4525 ex
667 4467 731 4526 eod.
749 4466 871 4526 Triden.
888 4467 969 4540 Sess.
986 4465 1102 4524 XXIII.
1117 4465 1189 4540 Gap.
1202 4465 1271 4523 XV.
1284 4465 1316 4522 et
1329 4481 1365 4520 ex
1379 4460 1542 4521 ConstItut.

263 4565 408 4626 Ganoonr
429 4565 498 4625 XV.
523 4562 732 4638 Inscrutabili,
757 4563 856 4623 bleb.
882 4562 967 4638 1622,
993 4563 1137 4624 etOunn.
1164 4562 1204 4622 X.
1233 4561 1385 4636 Superas,
1416 4557 1450 4630 11
1473 4556 1543 4616 Kal.

263 4661 319 4722 iul.
345 4660 435 4740 1670,
460 4681 513 4722 nec
535 4681 593 4721 non
615 4662 711 4739 quoad
732 4663 955 4738 deputationem
975 4660 1151 4720 confessarii
1182 4657 1416 4718 extraordinarii
1440 4655 1546 4715 iisdem

262 4759 323 4818 sibi
344 4761 486 4820 subieetIs
507 4761 687 4820 monialibus
708 4775 879 4838 percorum
895 4759 1065 4836 superlores
1080 4757 1238 4818 exhibendi
1252 4755 1366 4815 duobus
1381 4757 1434 4814 aut
1447 4755 1547 4814 trihus
