3906 5690
1016 491 1157 546 ...64-

447 669 565 728 vicibus
586 669 617 728 in
633 670 767 744 singulos
788 685 891 742 annos,
910 669 995 726 iuxta
1015 667 1100 728 Trid.
1123 668 1196 744 Gap.
1212 667 1253 726 X.
1270 667 1350 726 Sess.
1367 665 1467 726 XXV.
1484 666 1520 725 de
1540 667 1615 742 Rep.
1632 667 1658 725 si
1673 685 1729 727 ne-

447 768 598 842 glexerint
617 767 772 826 exhibere:
790 765 822 824 in
836 783 894 842 quo
914 781 986 824 casu
1006 765 1136 824 liberum
1151 769 1197 823 est
1211 765 1348 842 episcopo
1362 765 1455 822 etiam
1465 765 1607 823 exhibere
1622 781 1730 841 quem-

448 865 522 922 libet
542 865 755 940 presbyterum
777 863 972 936 saecularem,
997 863 1047 922 vel
1077 862 1205 921 alterius
1236 862 1351 920 ordinia
1377 862 1558 938 regularem,
1584 863 1730 938 quemad-

447 962 568 1020 modum
588 961 730 1021 exhibere
751 963 874 1038 possent
894 963 926 1019 et
945 961 1004 1037 ipsi
1026 961 1203 1037 Superiores
1225 977 1261 1019 ex
1283 960 1385 1020 Const.
1407 961 1529 1021 Barcen.
1552 959 1638 1020 XIV.
1662 961 1730 1022 Ρα-

445 1059 572 1118 rtoralic
593 1077 697 1134 carce,
723 1061 742 1134 ἓ
764 1058 855 1133 Sane,
881 1057 929 1116 die
950 1057 980 1118 5.
1003 1075 1074 1133 aug.
1099 1057 1187 1117 1748.

448 1179 452 1184 ·
528 1157 557 1216 4.
581 1156 684 1221 Quoad
705 1156 959 1233 praedicationem
981 1155 1067 1214 verbi
1088 1155 1158 1216 Dei:
1183 1155 1367 1232 inpropriis
1393 1155 1513 1232 quidem
1533 1155 1676 1228 ecclesiis,
1703 1156 1729 1213 si

447 1255 692 1332 praedicaverint
713 1255 778 1314 sine
798 1255 929 1330 episcopi
950 1253 1175 1332 benedictione;
1192 1253 1224 1312 111
1239 1253 1347 1312 alienis
1361 1271 1443 1327 vero,
1462 1255 1584 1330 praeter
1604 1269 1729 1311 suorum

447 1353 643 1430 Superiorem
664 1353 828 1426 licentiam,
855 1352 881 1410 si
903 1352 1115 1412 sineeiusdem
1130 1351 1261 1427 episcopi
1282 1351 1499 1428 approbatione
1513 1369 1549 1410 ex
1563 1351 1627 1410 eod.
1641 1351 1727 1410 Trid.

447 1451 520 1527 Cap.
544 1451 584 1510 II.
608 1451 689 1510 Sess.
711 1451 751 1511 V.
775 1453 806 1507 et
827 1450 900 1527 Cap.
924 1449 978 1509 IV.
1002 1449 1083 1510 Sess.
1105 1449 1208 1510 XXV.
1231 1449 1270 1508 de
1290 1451 1434 1524 Reform.
1457 1467 1491 1508 ac
1517 1449 1606 1508 dictis
1631 1451 1728 1508 const.

447 1549 587 1625 Gregorii
608 1550 640 1606 et
661 1547 834 1606 Clementis,

527 1644 557 1706 5.
580 1645 684 1709 Quoad
705 1645 824 1704 ordines
846 1645 1040 1721 recipiendos,
1066 1647 1129 1702 tam
1150 1645 1232 1702 cirea
1252 1645 1392 1718 aetatem,
1419 1661 1508 1720 quam
1529 1645 1611 1704 cirea
1631 1645 1730 1702 inter-

448 1744 541 1816 stitia,
560 1747 592 1802 et
605 1760 730 1802 examen
745 1743 940 1816 subeundum,
959 1761 996 1801 ex
1010 1743 1074 1802 eod.
1091 1742 1176 1802 Trid.
1194 1742 1265 1818 Cap.
1282 1743 1353 1802 XII.
1370 1743 1450 1802 Sess.
1467 1742 1584 1801 XXIII.
1600 1742 1640 1802 de
1653 1744 1728 1820 Res.

527 1838 557 1900 6.
580 1840 684 1906 Quoad
705 1843 898 1916 quaestorum
920 1839 1048 1898 officium
1070 1839 1275 1914 exercendum,
1294 1857 1331 1897 ex
1352 1839 1424 1915 Gap.
1442 1840 1466 1898 Ι.
1483 1839 1564 1900 Sess.
1580 1839 1667 1902 XXI.
1690 1841 1731 1900 de

447 1941 609 2014 Reform..
838 1952 839 1955 ’

526 2037 557 2096 7.
580 2034 684 2100 Quoad
704 2037 900 2112 punitionem,
927 2035 953 2092 si
975 2035 1125 2111 vagentur
1145 2037 1233 2094 extra
1246 2035 1382 2093 claustra
1402 2035 1466 2094 sine
1488 2051 1610 2093 suorum
1632 2035 1731 2112 Supe-

445 2135 561 2192 riorum
576 2133 726 2206 mandato,
745 2134 777 2192 in
791 2133 913 2209 scriptis
927 2134 1063 2194 obtento:
1081 2150 1115 2191 ec
1126 2133 1153 2191 si
1163 2133 1249 2192 mIssi
1263 2132 1301 2191 ad
1315 2133 1541 2207 universitates,
1560 2133 1729 2192 studiorum

445 2248 546 2303 causa,
572 2248 630 2288 non
652 2231 791 2288 habitent
821 2231 852 2288 in
882 2231 1097 2290 conventibus:
1131 2230 1380 2307 quemadmodum
1401 2232 1428 2288 si
1449 2231 1622 2290 scandaloso
1643 2235 1731 2290 extra

445 2329 581 2388 claustra
601 2329 818 2404 delinquentes,
845 2329 978 2388 instante
999 2329 1146 2405 episcopo,
1171 2329 1269 2404 puniti
1291 2345 1351 2386 non
1371 2327 1486 2386 fuerint
1507 2346 1526 2386 a
1546 2329 1610 2387 suis
1631 2329 1731 2406 Supe-

444 2427 577 2486 rioribus
599 2427 681 2484 intra
701 2427 875 2500 terminum,
901 2427 938 2484 ab
959 2426 1062 2486 eodem
1082 2427 1220 2503 episeopo
1241 2425 1477 2502 praefigendum,
1500 2425 1536 2486 de
1558 2445 1618 2504 qua
1638 2428 1731 2504 puni-

446 2525 527 2584 tione
548 2524 708 2582 certiorari
729 2524 827 2583 debet.
851 2541 888 2582 en
909 2524 981 2600 Cap.
1006 2525 1059 2584 IV.
1083 2527 1114 2584 et
1134 2524 1218 2584 XIV.
1243 2525 1324 2583 Sess.
1348 2524 1448 2584 XXV.
1472 2524 1511 2583 de
1523 2527 1667 2601 Reform.

527 2621 575 2680 Ita
587 2622 680 2680 etiam
694 2621 846 2680 carcerari
859 2623 993 2698 possunt,
1012 2622 1037 2680 si
1048 2623 1256 2698 comprehensi
1267 2623 1298 2679 in
1309 2622 1426 2694 delicto,
1441 2623 1588 2682 timeatur
1598 2624 1634 2682 de
1644 2622 1726 2700 fuga,

445 2719 531 2778 iuxta
551 2719 623 2796 Cap.
641 2719 725 2778 VIII.
749 2718 844 2778 eiusd.
857 2720 949 2793 Sess.,
965 2722 996 2778 et
1009 2723 1091 2778 recte
1102 2719 1242 2779 mittendi
1256 2720 1379 2779 suntad
1393 2737 1463 2779 suos
1477 2721 1655 2798 Superiores
1669 2739 1731 2780 una

445 2835 513 2876 cum
533 2817 770 2893 probationibus,
790 2816 882 2875 etiam
905 2835 963 2875 non
977 2817 1137 2894 compilato
1151 2835 1308 2895 processu,
1333 2835 1370 2876 ex
1383 2819 1472 2878 Deor.
1496 2820 1729 2882 deucalione.

444 2915 543 2973 relato
564 2915 733 2989 aFagnan.
757 2914 788 2971 in
810 2914 882 2990 Cap.
902 2913 949 2973 19.
977 2915 1081 2974 Grave
1096 2916 1247 2990 perimus,
1270 2915 1306 2974 de
1319 2915 1394 2975 offic.
1418 2915 1515 2974 ordin.
1532 2933 1563 2975 n.
1586 2915 1636 2974 69.
1653 2917 1729 2974 Item

445 3012 548 3087 puniri
579 3012 713 3087 possunt,
750 3011 776 3068 si
801 3011 981 3069 incesserint
1012 3012 1075 3070 siue
1097 3011 1184 3083 socio,
1219 3011 1268 3068 vel
1290 3011 1325 3068 de
1346 3012 1441 3084 nocte,
1476 3013 1531 3069 aut
1556 3011 1732 3069 indecenter

445 3108 560 3182 vestitI,
585 3125 620 3166 ac
641 3109 733 3166 etiam
754 3108 873 3184 publice
893 3107 1062 3167 deferentes
1082 3125 1177 3180 arma,
1203 3109 1288 3166 iuxta
1308 3107 1420 3168 declar.
1444 3107 1727 3169 Gonanee.Er1sc.

445 3208 477 3265 et
497 3206 662 3267 Rsounnn.
679 3207 713 3264 ia
727 3206 883 3266 Andriae.
903 3204 941 3264 15
954 3205 1085 3266 decemb.
1105 3205 1189 3279 1584,
1213 3206 1289 3264 etin
1304 3207 1520 3265 Ravennatem
1542 3204 1580 3262 12
1600 3207 1726 3282 septem.

447 3303 721 3365 15114αοῦ6166.
745 3303 841 3365 Cone.
863 3303 895 3361 in
923 3304 1096 3362 1611116116
1116 3303 1136 3359 3
1156 3302 1215 3362 leb.
1241 3301 1329 3363 1635.

526 3401 598 3462 Pari
619 3402 704 3460 modo
725 3401 827 3478 puniri
848 3403 974 3478 possunt
994 3401 1079 3460 iuxta
1099 3401 1151 3460 cit.
1168 3401 1241 3478 Gap.
1257 3401 1342 3461 XIV.
1366 3400 1536 3461 Tridentin.
1554 3401 1579 3459 si
1594 3401 1731 3478 delique-

445 3499 509 3558 rint
535 3500 711 3578 inproprie
736 3499 871 3571 ecclesia,
906 3497 1006 3556 ianuis
1033 3498 1157 3576 apertis,
1182 3501 1218 3557 ut
1238 3499 1378 3558 scandalo
1408 3498 1524 3559 fuerint
1548 3499 1665 3576 populo,
1695 3517 1732 3558 ex

445 3599 647 3658 declaratione
668 3598 801 3657 eiusdem
823 3597 916 3674 (long.
940 3597 978 3656 ad
998 3597 1130 3658 Dubium
1151 3599 1183 3656 in
1204 3597 1299 3659 Posit.
1323 3599 1383 3658 442
1403 3599 1442 3658 ad
1462 3599 1492 3658 d.
1515 3615 1581 3674 cap.
1607 3597 1654 3656 14.

525 3698 613 3756 Circa
634 3697 819 3773 punitionem
845 3696 1019 3755 scandalose
1039 3697 1208 3755 viventium
1230 3700 1317 3755 extra
1337 3698 1481 3767 claustra,
1506 3694 1575 3751 vide
1600 3693 1731 3753 notanda

446 3798 477 3853 111
497 3795 554 3852 hac
575 3794 640 3852 ead.
663 3793 834 3869 Appendice
855 3797 924 3868 post
944 3813 1103 3852 numerum
1125 3793 1164 3851 58
1185 3795 1204 3867 5
1226 3794 1314 3851 Circa
1334 3795 1448 3850 tamen.

525 3890 554 3947 8.
578 3888 680 3951 Quoad
705 3907 857 3949 accessum
879 3891 918 3948 ad
937 3889 1073 3967 publicas
1095 3889 1328 3964 supplicationes
1353 3905 1390 3945 ex
1410 3885 1552 3942 mandato
1577 3886 1726 3965 Episcopi,

446 3985 577 4061 exceptis
598 3985 801 4061 Regularibus
822 3987 996 4045 vtvontibus
1017 3987 1048 4043 in
1070 3983 1216 4042 strictiori
1231 3983 1380 4056 clausura,
1399 3999 1435 4040 ex
1450 3983 1534 4042 Trid.
1552 3983 1624 4061 Cap.
1641 3986 1728 4046 XIII.

446 4081 528 4142 Sess.
550 4083 650 4142 XXV.
674 4085 713 4142 de
733 4087 845 4160 Repul.

525 4179 665 4258 Exceptis
679 4183 771 4241 etiam
786 4183 833 4254 iis,
852 4198 979 4256 quorum
1000 4178 1185 4237 monasteria
1198 4176 1313 4236 distant
1326 4193 1346 4236 a
1359 4178 1484 4236 civitate
1499 4179 1581 4238 ultra
1599 4181 1730 4240 medium

446 4277 588 4354 militare,
622 4297 658 4338 ex
685 4279 888 4339 declaratione
915 4278 1070 4338 Gasaonu
1098 4275 1183 4348 XIII,
1215 4276 1250 4332 ut
1277 4277 1414 4334 notatum
1442 4276 1556 4352 legitur
1583 4279 1615 4336 in
1641 4259 1755 4338 libris

446 4377 574 4455 publicis
606 4379 698 4453 Cong.
723 4378 811 4436 Cone.
835 4375 872 4433 ad
892 4375 944 4434 cit.
969 4375 1041 4450 Cap.
1066 4373 1151 4432 XIII.
1175 4373 1254 4431 teste
1279 4373 1376 4449 Fagn.
1400 4375 1438 4433 ad
1459 4393 1523 4452 cap.
1554 4375 1600 4436 17.
1628 4379 1731 4436 Nc'mis

442 4495 557 4552 prava,
579 4475 615 4535 de
636 4491 748 4534 excess.
772 4471 906 4532 Praelat.
931 4491 961 4532 n.
987 4471 1034 4531 11.

525 4573 555 4634 9.
579 4571 681 4636 Quoad
702 4570 946 4646 compositionem
974 4569 1251 4628 controversiarum
1277 4573 1450 4630 exortarum
1477 4573 1558 4631 inter
1585 4590 1678 4631 unum
1699 4575 1732 4631 61

445 4669 576 4728 alterum
598 4667 734 4727 ordInem
754 4665 935 4741 regularem,
961 4685 996 4728 ac
1010 4668 1091 4727 inter
1111 4667 1230 4727 eosdem
1251 4669 1408 4744 regulares
1428 4672 1460 4728 et
1477 4669 1602 4728 clericos
1623 4687 1730 4728 saecu-

446 4766 526 4824 lares
548 4764 749 4841 appellatione
770 4765 895 4839 rcmota,
920 4765 1000 4825 circa
1020 4767 1262 4843 praecedentiam
1283 4767 1314 4826 in
1329 4768 1568 4845 processionibus
1589 4767 1727 4844 publicis,
