3906 5690
790 481 932 536 ..31-

212 665 374 746 perpetuo
396 660 551 746 privatur,
574 661 732 746 simulque
755 661 870 728 Curiae
889 661 1044 728 saeculari
1059 663 1197 728 traditur
1212 684 1313 748 eaque
1329 663 1503 730 traditione

213 783 295 850 Fori
319 785 417 850 etiam
446 790 480 851 et
509 786 647 853 canonis
680 786 851 872 privilegio
885 785 1052 872 spoliatur.
1082 785 1261 852 Remsmsn.
1292 787 1314 852 l.
1339 809 1367 853 c.
1391 811 1423 853 n.
1448 791 1501 854 32.

213 907 466 976 Sonxrnzcnuxn.
489 911 567 976 ibid.
589 933 621 974 n.
648 911 722 976 138.
746 910 838 988 Quod
861 915 970 976 antem
993 932 1012 975 a
1034 911 1111 977 iuris
1128 911 1272 977 canonici
1294 913 1502 997 scriptoribus

213 1035 337 1120 duplex
360 1033 548 1121 degradatio
573 1035 784 1121 distinguitur
805 1037 942 1102 verbalis
973 1039 1007 1102 et
1036 1037 1143 1116 realis,
1172 1037 1205 1102 id
1227 1037 1275 1101 ita
1308 1037 1503 1126 intelligitur

212 1159 304 1244 quod
320 1159 457 1224 verbalis
472 1158 591 1224 indicet
606 1158 709 1224 solam
725 1159 838 1226 iudicis
850 1159 1052 1239 sententiam,
1065 1160 1159 1226 realis
1171 1160 1345 1226 solemnem
1362 1162 1501 1226 eiusdem

210 1284 448 1350 executionem.
471 1283 717 1352 Sonmnzonom.
739 1284 760 1348 l.
777 1307 819 1362 c.;
843 1285 959 1350 Bnrxn.
983 1281 1062 1352 XIV
1084 1287 1123 1352 de
1146 1283 1224 1370 Syre.
1248 1285 1270 1350 l.
1295 1307 1321 1350 c.
1345 1283 1501 1370 lemaro,

212 1409 343 1475 omissis
355 1409 612 1476 solemnitatibus
627 1410 824 1495 funestisque
840 1410 1046 1476 caeremoniis
1063 1409 1177 1495 quibus
1187 1410 1297 1496 perfici
1313 1411 1501 1497 degradatio

211 1534 322 1614 debet,
347 1535 466 1620 quippe
488 1553 570 1618 quae
592 1533 658 1620 legi
681 1539 815 1620 possunt
837 1535 871 1600 in
893 1534 1077 1600 Pontificali
1093 1533 1250 1614 Romano,
1267 1535 1346 1600 haec
1360 1535 1500 1600 breviter

211 1663 288 1724 turn
311 1658 349 1723 de
373 1657 571 1743 depositione
586 1663 656 1724 tum
671 1659 710 1724 de
725 1659 954 1745 degradatione
969 1660 1124 1725 indicasse
1140 1661 1220 1726 satis
1236 1659 1293 1725 sit:
1314 1657 1345 1741 1)
1363 1659 1501 1736 Quinam

211 1783 372 1848 eiusmodi
394 1803 514 1868 poenas
537 1781 619 1848 ferre
635 1787 692 1848 aut
707 1783 748 1848 ab
763 1783 802 1848 iis
818 1783 986 1849 restituere
1001 1785 1113 1868 possit.
1130 1781 1165 1865 2)
1182 1784 1269 1860 Quae
1285 1783 1350 1848 sint
1365 1785 1499 1849 crimina

212 1907 260 1972 ob
284 1929 365 1992 quae
387 1907 510 1993 imponi
533 1908 663 1973 eaedem
686 1907 834 1973 debeant.

215 2053 219 2062 ·
305 2033 354 2097 De
376 2031 531 2098 facultate
554 2032 676 2098 serendi
699 2032 853 2098 eiusmodi
876 2055 996 2118 poenas
1018 2033 1070 2099 vel
1086 2033 1182 2099 abiis
1206 2026 1404 2114 restituendi,
1421 2033 1501 2099 haec

211 2158 387 2224 statuenda
402 2161 493 2223 sunt:
520 2155 552 2238 1)
568 2157 720 2224 Facultas
735 2158 857 2224 ferendi
872 2157 1104 2244 depositionem
1119 2159 1296 2244 simplicem
1313 2158 1364 2224 vel
1384 2159 1501 2246 degra-

212 2282 380 2349 dationem
394 2282 557 2348 verbalem
568 2283 602 2348 in
614 2305 651 2348 eo
668 2286 726 2364 est,
740 2284 794 2368 qui
810 2283 1023 2368 episcopalem
1034 2284 1284 2350 iurisdictionem
1301 2285 1335 2350 in
1351 2285 1501 2350 clericum

211 2407 453 2492 delinquentem
475 2407 585 2488 habet,
609 2408 750 2492 adeoque
773 2408 872 2473 etiam
887 2408 1048 2494 Episcopo
1071 2409 1212 2474 nondum
1236 2413 1419 2475 consecrato
1444 2410 1501 2474 sed

213 2533 417 2612 confirmato,
433 2533 500 2598 eius
519 2533 649 2597 Vicario
666 2530 814 2598 Generali
830 2537 873 2612 et,
889 2533 962 2598 sede
978 2537 1122 2612 vacante,
1140 2532 1318 2618 Capitulari
1334 2533 1500 2618 competit.

213 2659 323 2724 Rmnn.
345 2657 368 2722 l.
392 2679 419 2721 c.
443 2679 475 2721 n.
500 2659 553 2721 39.
577 2655 728 2721 Facultas
751 2659 860 2720 autem
890 2655 1012 2720 ferendi
1035 2655 1299 2742 degradationem
1325 2657 1444 2721 realem
1467 2657 1502 2720 in

213 2783 378 2868 Episcopo
401 2783 529 2845 tantum
546 2779 722 2865 etquidem
745 2783 930 2844 consecrato
953 2779 1080 2844 residet.
1098 2779 1187 2845 Coro.
1203 2779 1294 2844 Tam.
1309 2778 1394 2845 Sess.
1409 2778 1500 2846 XIII.

214 2908 294 2992 Gap.
318 2903 366 2971 IV
388 2906 427 2971 de
443 2903 516 2987 Res.
541 2903 647 2969 Raros.
664 2902 686 2968 I.
703 2927 729 2969 c.
746 2927 778 2968 n.
795 2905 848 2969 40.
866 2900 899 2983 2)
916 2898 1093 2969 Restitutio
1110 2927 1129 2968 a
1145 2903 1344 2989 depositione
1361 2903 1499 2989 simplici

215 3031 266 3096 vel
288 3053 307 3096 a
330 3027 559 3116 degradatione
582 3027 704 3094 verbali
727 3027 920 3094 auctoritate
942 3028 1042 3114 ipsius
1064 3027 1218 3114 Episcopi
1241 3029 1310 3093 fieri
1333 3032 1457 3113 potest;
1480 3051 1500 3092 a

214 3155 443 3244 degradatione
466 3157 576 3220 autem
597 3153 687 3234 reali,
710 3153 837 3220 nonnisi
860 3153 999 3219 Romani
1021 3153 1199 3219 Pontificio.

218 3269 222 3278 ’
303 3279 356 3345 Ad
367 3279 500 3346 crimina
512 3276 647 3363 denique
658 3279 743 3364 quod
755 3280 883 3358 attinet,
896 3279 937 3344 ob
950 3294 1032 3363 quae
1042 3269 1330 3363 eiusmodi'poenae
1342 3271 1498 3358 iemntur,

213 3405 263 3468 ita
285 3403 544 3488 distinguendum
567 3407 616 3467 est
630 3401 714 3468 inter
730 3403 961 3488 depositionem
984 3402 1162 3487 simplicem
1173 3397 1210 3468 'et
1226 3395 1499 3488 degradationem.

307 3519 450 3605 Simplex
465 3524 621 3608 depositio
638 3526 740 3611 exigit
754 3527 787 3590 in
804 3547 919 3612 genere
935 3526 1069 3591 crimina
1084 3526 1177 3592 valde
1193 3526 1336 3590 enormia
1356 3547 1500 3608 quaeque

216 3647 309 3735 gravi
327 3645 480 3711 seandalo
504 3646 636 3726 fuerint,
651 3648 760 3711 eadem
775 3653 884 3712 tamen
899 3649 933 3712 in
948 3648 1053 3731 specie
1069 3649 1218 3731 pmdenti
1234 3647 1346 3710 iudicis
1367 3640 1500 3710 arbitrio

215 3771 431 3859 dignoscenda
454 3769 687 3854 relinquuntur.
710 3769 888 3835 Rcrrrxnsn.
913 3771 951 3836 de
969 3771 1086 3853 poenis
1109 3793 1140 3834 n.
1165 3771 1218 3835 30.

305 3895 417 3972 Quoad
440 3895 704 3982 degradationem
720 3894 836 3980 duplex
851 3894 989 3960 habetur
1004 3894 1131 3982 regula:
1148 3892 1181 3976 a)
1199 3891 1397 3980 Degradatio
1413 3892 1500 3958 infli-

215 4021 305 4108 gitur
327 4021 368 4085 ob
392 4019 535 4098 crimina,
560 4039 641 4103 quae
664 4019 855 4085 nominatim
878 4020 912 4084 in
934 4015 1003 4084 iure
1019 4015 1166 4104 expressa
1189 4023 1273 4084 sunt.
1290 3997 1405 4082 Busan.
1421 4015 1501 4086 XIV

215 4147 254 4212 de
278 4136 553 4230 Syre.L.1xGap.
572 4165 612 4208 vr.
636 4143 708 4210 Hae
730 4148 820 4210 sunt:
838 4146 888 4210 Ex
911 4145 1096 4210 criminibus
1113 4142 1349 4209 ecclesiasticis:
1368 4139 1400 4223 1)
1421 4143 1500 4208 hae-

214 4269 293 4334 resis
317 4273 373 4334 aut
388 4270 559 4354 apostasia.
573 4269 650 4354 Gap.
667 4271 687 4335 9
705 4274 738 4334 et
756 4273 797 4335 15
821 4271 860 4336 de
874 4271 1006 4348 barrem
1031 4269 1108 4353 Cap.
1128 4270 1144 4333 1
1169 4271 1202 4333 et
1218 4269 1239 4332 4
1262 4265 1331 4333 eod.
1348 4268 1400 4333 tit.
1417 4269 1451 4332 in
1468 4269 1499 4333 6.

213 4393 250 4476 2)
274 4393 454 4460 celebratio
477 4395 591 4460 missae
623 4398 681 4460 aut
713 4395 858 4480 exceptio
882 4393 1088 4460 confessionis
1120 4379 1361 4458 sacramentalis
1391 4393 1431 4458 ab
1462 4413 1500 4456 eo

214 4519 302 4584 facta
333 4519 387 4604 qui
411 4520 587 4586 sacerdotio
615 4541 680 4584 non
703 4523 752 4586 est
774 4516 930 4584 initiatus.
952 4519 1067 4584 Busan.
1092 4517 1180 4586 XIV.
1204 4518 1313 4584 const.
1345 4515 1501 4583 Sacerdos

213 4645 257 4709 20
275 4631 349 4729 apr.
376 4645 480 4724 17443
505 4643 613 4711 const.
640 4645 743 4727 Quum
766 4667 864 4730 prave
886 4647 907 4709 2
931 4667 1007 4732 aug.
1034 4645 1136 4722 1757;
1161 4640 1270 4708 Const.
1300 4641 1500 4710 Dicinorum

214 4767 284 4834 eod.
309 4768 360 4834 die
384 4773 416 4870 et
440 4791 534 4835 anno.
560 4806 600 4816 -
625 4769 676 4834 Ex
700 4769 884 4836 criminibus
900 4769 1061 4836 civilibus:
1081 4767 1112 4851 1)
1135 4767 1363 4834 Assassinium.
1382 4767 1460 4853 Gap.
1480 4769 1498 4834 1
