3906 5690
1030 495 1172 551 -30-

455 675 618 760 Episcopo
641 675 823 740 reservandi
847 675 1048 738 definiantur.
1073 671 1120 738 Ut
1142 673 1303 738 redituum
1318 672 1402 737 ratio
1423 669 1628 738 aSeminarii
1643 673 1744 758 depu-

456 801 534 866 tatis
558 800 717 886 exigatur,
745 798 821 863 Bau.
845 797 926 864 XIV
940 797 962 862 l.
984 820 1011 862 c.
1027 796 1075 863 Ut
1098 796 1332 862 examinatores
1348 796 1526 880 synodales,
1543 797 1598 882 qui
1621 797 1746 864 scilicet

455 945 514 1009 per
535 925 628 989 unius
652 923 726 987 anni
750 923 901 1007 spatium,
924 921 1162 1007 parochialibus
1184 921 1324 988 ecclesiis
1347 923 1588 1006 praeficiendos,
1604 923 1744 989 examini

455 1049 638 1132 subiiciaut,
661 1069 716 1113 sex
739 1047 917 1127 minimum,
941 1069 1042 1131 neque
1066 1052 1175 1112 tamen
1190 1046 1296 1133 plures
1313 1069 1410 1132 qnam
1425 1049 1554 1135 viginti,
1571 1069 1745 1133 omnesque

454 1173 561 1239 idonei
584 1173 776 1239 nominatim
798 1195 854 1238 scu
876 1171 1088 1257 personaliter
1110 1171 1282 1260 eligantur,
1299 1176 1368 1238 eta
1388 1173 1509 1258 synodo
1533 1195 1590 1258 per
1605 1171 1744 1260 suffugia

455 1299 522 1364 sive
545 1303 667 1363 secreta
690 1297 757 1363 sive
778 1297 909 1382 publica
931 1297 1117 1381 probentur,
1139 1297 1187 1362 ita
1209 1299 1247 1362 ut
1271 1297 1391 1382 absque
1413 1297 1570 1362 facultate
1594 1295 1628 1364 S.
1651 1295 1743 1364 Sedis

455 1427 547 1489 extra
569 1424 724 1507 synodum
740 1418 819 1508 eligi
834 1424 995 1506 nequeant
1008 1445 1016 1499 ;
1040 1443 1080 1486 ex
1096 1421 1205 1487 electis
1221 1427 1330 1488 autem
1345 1421 1379 1486 in
1395 1423 1516 1507 synodo
1539 1423 1566 1486 si
1583 1417 1742 1488 asenario

456 1569 589 1614 numero
614 1545 729 1631 aliquis
752 1546 839 1611 intra
862 1567 981 1611 annum
1004 1545 1142 1627 deficiat,
1167 1567 1278 1612 omnes
1293 1547 1333 1612 ab
1350 1546 1456 1612 officio
1481 1550 1616 1628 cessant,
1639 1568 1745 1633 neque

455 1673 513 1738 alii
536 1672 638 1738 suffici
661 1675 782 1756 queunt
806 1672 925 1756 absque
949 1671 1090 1736 eiusdem
1122 1670 1155 1738 S.
1179 1670 1270 1738 Sedis
1294 1671 1462 1738 facultate.
1486 1671 1576 1738 Idem
1597 1671 1659 1738 loc.
1684 1673 1741 1739 cit.

454 1799 525 1866 Lib.
551 1799 581 1875 4,
606 1798 641 1865 0.
673 1799 692 1863 7
729 1801 762 1862 et
796 1819 884 1881 seqq.
920 1795 1026 1862 Electi
1060 1797 1295 1864 examinatores
1329 1793 1544 1864 iuramentum
1579 1803 1745 1883 praestare

456 1923 575 1988 debent
598 1922 636 1986 de
660 1943 790 1986 munere
814 1943 871 1986 suo
895 1921 1033 1986 fideliter
1056 1922 1260 2006 adimplendo
1285 1921 1346 2006 (l).

545 2049 576 2112 3.
600 2045 704 2132 Leges
727 2067 833 2128 porro,
859 2065 940 2128 quae
956 2046 1068 2130 synodi
1085 2047 1292 2113 moderantur
1308 2045 1566 2127 celebrationem,
1583 2051 1648 2114 tres
1663 2048 1744 2114 item

454 2172 490 2236 in
512 2169 638 2250 classes,
661 2173 807 2254 praestat
830 2170 1040 2246 distribuere;
1066 2191 1201 2256 quarum
1224 2171 1307 2236 aliae
1329 2173 1486 2256 synodum
1510 2172 1669 2258 agendam
1692 2172 1742 2238 di-

454 2298 605 2379 sponunt,
629 2293 713 2358 aliae
736 2297 882 2358 coactam
904 2294 1064 2372 ordinant,
1088 2294 1170 2360 aliae
1194 2295 1376 2362 absolvunt.
1393 2297 1520 2362 Priores
1536 2298 1570 2362 in
1585 2297 1647 2362 hoc
1662 2319 1740 2363 con-

454 2419 608 2497 tinentur,
632 2423 669 2483 ut
691 2419 920 2502 praemittatur
941 2419 1053 2504 synodi
1075 2420 1210 2486 indictio
1245 2444 1265 2486 a
1298 2420 1448 2507 legitima
1469 2443 1607 2507 persona
1629 2422 1742 2510 legiti-

458 2565 573 2630 moque
596 2548 741 2628 tempore
764 2565 802 2608 ac
824 2545 920 2610 modo
943 2545 1041 2610 facta.

543 2669 685 2735 Persona
707 2669 856 2754 legitima
887 2670 926 2734 ad
956 2669 1158 2736 indicendam
1187 2671 1344 2756 synodum
1374 2671 1401 2738 is
1432 2675 1491 2755 est,
1517 2672 1573 2756 qui
1603 2673 1741 2740 eiusdem

454 2783 702 2882 congregandae
736 2793 786 2860 ius
820 2793 929 2868 habet,
964 2795 1031 2860 sive
1065 2796 1120 2879 qui
1155 2797 1331 2882 episcopali
1362 2797 1582 2864 iurisdictione
1614 2799 1744 2884 proprie

453 2921 541 2986 dicta
563 2919 708 3004 potitur;
733 2917 876 3002 adeoque
899 2919 1056 3001 synodum
1078 2919 1217 2986 indicere
1252 2925 1360 3004 potest
1391 2943 1450 2987 suo
1473 2923 1561 2987 iure:
1595 2921 1627 3005 1)
1660 2923 1743 3009 Epi·

453 3065 586 3129 scopus3
622 3041 656 3123 2)
679 3041 828 3108 Vicarius
862 3041 1066 3126 Capitularis,
1099 3045 1172 3109 sede
1195 3049 1341 3124 vacante,
1373 3045 1544 3110 dummodo
1581 3069 1601 3111 a
1634 3049 1742 3133 priore

453 3167 575 3252 synodo
598 3189 700 3232 annus
723 3165 902 3244 effluxerit3
928 3164 961 3248 3)
985 3168 1134 3234 Vicarius
1157 3167 1375 3252 Apostolicur,
1411 3169 1466 3252 qui
1502 3169 1543 3234 ad
1576 3171 1743 3238 ecclesiam

453 3294 623 3356 vacantem
646 3291 819 3378 regendam
841 3291 956 3358 missus
987 3293 1040 3359 sit.
1073 3293 1149 3358 Bau.
1173 3292 1252 3359 XIV
1274 3293 1325 3358 De
1346 3293 1466 3376 muodo
1496 3292 1567 3357 Lib.
1592 3296 1623 3372 2,
1648 3294 1683 3360 O.
1708 3297 1741 3375 5,

455 3439 488 3481 n.
515 3417 567 3482 10.
590 3415 714 3496 Potest,
739 3415 869 3501 speciali
899 3419 1052 3484 mandato
1075 3416 1199 3484 Summi
1222 3417 1402 3499 Pontificis,
1426 3418 1575 3485 Vicarius
1599 3419 1741 3505 Aposto-

452 3541 533 3609 licus
557 3542 613 3627 qui
635 3540 795 3626 Episcopo
811 3541 845 3606 in
860 3564 918 3608 sua
933 3542 1015 3610 Sede
1038 3542 1188 3608 existenti
1205 3541 1299 3608 datus
1315 3543 1359 3609 sit
1374 3547 1408 3609 et
1424 3545 1577 3630 Episcopi
1592 3543 1740 3612 Vicarius

454 3667 629 3734 Generalis.
657 3664 733 3732 Non
766 3671 873 3752 potest
904 3668 1072 3734 Praelatus
1106 3667 1249 3750 inferior,
1281 3668 1359 3735 licet
1392 3670 1513 3736 habeat
1542 3669 1741 3736 territorium

455 3827 672 3840 -un—

526 3913 565 3982 (l)
584 3915 623 3969 Ut
641 3913 821 3984 Apostolicae
841 3917 905 3972 Sedi
920 3920 1050 3974 constare
1069 3917 1155 3986 queat
1168 3915 1218 3985 qui
1230 3915 1381 3985 praecipue
1400 3918 1467 3972 sunt
1485 3915 1579 3972 idonei
1599 3917 1636 3972 ad
1654 3919 1741 3974 eccle

455 4002 571 4058 siastica
589 4002 741 4062 iudiciuin
760 4007 887 4075 partibus
906 4007 1070 4072 exercenda,
1091 4005 1216 4060 Sasonus
1237 4003 1411 4058 Turaaurrsa
1430 4005 1502 4062 Sess.
1523 4005 1608 4072 XXV,
1629 4006 1695 4076 Cap.
1713 4008 1740 4062 X

455 4089 489 4145 de
502 4089 564 4156 Res.
577 4091 744 4162 gravissime
757 4093 847 4165 iussit,
863 4095 981 4166 singulis
996 4093 1128 4151 conciliis
1143 4093 1364 4162 provincialibus
1378 4097 1428 4149 aut
1441 4094 1614 4150 dioecesanis
1629 4095 1740 4165 aliquot

454 4195 588 4247 personas
615 4180 766 4254 designari,
786 4187 818 4239 ut
837 4187 950 4253 praeter
975 4181 1137 4237 ordinarios
1164 4181 1289 4237 locorum
1314 4181 1350 4236 iis
1376 4183 1463 4238 etiam
1489 4185 1608 4253 posthae
1635 4201 1739 4240 causae

454 4268 662 4326 ecclesiasticae
681 4289 715 4326 ac
734 4272 895 4341 spirituales
916 4274 945 4326 et
964 4271 1001 4324 ad
1019 4270 1113 4324 forum
1132 4271 1354 4328 ecclesiasticum
1368 4272 1552 4341 pertinentes,
1565 4273 1738 4344 inpartibus

454 4358 628 4430 delegandae
653 4361 874 4417 committantur.
894 4359 967 4412 Hinc
986 4359 1089 4415 Bassa.
1108 4358 1173 4413 XIV
1193 4361 1226 4416 de
1246 4360 1313 4430 Syn.
1333 4362 1361 4416 L.
1381 4363 1406 4430 4,
1427 4361 1493 4432 Cap.
1515 4363 1539 4428 5,
1559 4363 1740 4444 commendqt

453 4452 486 4504 ut
504 4450 609 4506 coactis
630 4449 762 4505 conciliis
776 4451 805 4502 et
819 4446 938 4516 Synodis
958 4446 1025 4502 talis
1045 4465 1141 4503 eorum
1159 4465 1291 4504 numerus
1310 4449 1469 4517 definiatur,
1490 4451 1539 4520 qui
1557 4451 1739 4522 amplitudini

454 4555 487 4592 ac
506 4538 684 4608 frequentiae
702 4537 867 4592 Dioeceseos
885 4535 1055 4604 respondere
1073 4542 1229 4594 censeatur.
1242 4539 1328 4594 Porro
1341 4539 1450 4596 Iudices
1463 4540 1513 4596 isti
1530 4541 1611 4596 nulla
1629 4541 1740 4610 pollent

452 4625 646 4684 iurisdictione
674 4627 828 4694 antequam
854 4641 872 4678 a
899 4624 970 4680 Sede
996 4623 1161 4696 apostolica
1186 4627 1348 4700 delegatum
1373 4630 1542 4699 acceperint.
1572 4629 1613 4684 Ex
1639 4630 1740 4686 horum

453 4713 577 4770 iudicum
602 4732 718 4770 numero
743 4713 787 4767 ius
809 4713 916 4770 habent
943 4714 1097 4786 Regularea
1124 4716 1241 4772 Ordines
1267 4718 1391 4788 eligendi
1417 4718 1478 4787 sibi,
1499 4718 1522 4772 si
1549 4718 1646 4782 velint,
1670 4717 1739 4775 Con·

454 4804 621 4857 servatores.
