3906 5690
815 523 937 575 ..9..

221 719 231 728 ·
325 695 436 773 Quoad
461 695 620 764 Ecclesiae
644 697 832 778 Orientales,
856 699 883 763 si
906 699 945 763 de
968 697 1136 765 Chaldaeis
1168 701 1296 786 agatur,
1329 697 1517 764 Petriarcba

235 820 275 886 ad
297 842 443 886 normam
459 822 567 888 Const.
587 821 667 890 Cum
693 823 903 891 ecclesiastico
919 823 981 888 diei
998 825 1038 890 31
1056 823 1198 910 Augusti
1220 823 1316 889 1869.
1338 823 1516 909 Episcopoe

236 967 351 1034 cogere
373 947 407 1012 in
428 945 592 1032 Synodum
616 949 711 1014 debet
733 953 766 1014 et
791 949 997 1034 Apostolicae
1035 947 1109 1015 Sedi
1133 951 1198 1014 tres
1221 971 1414 1034 proponere,
1438 971 1517 1034 quos

235 1073 319 1136 inter
341 1093 442 1138 novus
465 1073 611 1139 Antistes
633 1074 783 1161 eligatur.

324 1197 434 1291 Quoad
459 1197 626 1282 Armenes,
643 1201 753 1266 eadem
768 1201 846 1266 iuris
866 1200 949 1266 ratio
966 1200 1106 1266 obtinuit
1122 1222 1221 1284 usque
1237 1201 1278 1266 ad
1294 1223 1412 1266 annum
1431 1201 1514 1265 1881

226 1326 298 1407 'quo
321 1345 404 1389 anno
427 1329 586 1391 statutum
609 1330 668 1406 est,
692 1331 728 1392 ut
760 1326 969 1413 derogatione
1002 1326 1091 1392 facta
1114 1325 1210 1392 toties
1239 1326 1364 1410 quoties
1387 1325 1514 1392 Consti-

235 1443 354 1514 tutioni
378 1449 586 1535 Apostolicae
618 1451 819 1520 Reuersurus
847 1452 908 1518 diei
940 1453 979 1517 12
1006 1451 1081 1518 Iulii
1112 1452 1208 1532 1867,
1236 1471 1317 1536 quae
1348 1451 1515 1538 derogatio

235 1594 254 1637 a
270 1572 459 1640 Patriarcba
475 1576 605 1660 praevia
620 1577 775 1642 instantia
791 1577 992 1662 imploranda
1008 1581 1066 1658 est,
1079 1577 1244 1662 requisito,
1256 1577 1283 1641 si
1299 1581 1514 1662 opportunum

235 1700 403 1782 censuerit,
426 1699 511 1766 bono
535 1702 720 1768 testimonie
744 1701 828 1769 Cleri
852 1706 885 1769 et
907 1701 1109 1768 Notabilium
1132 1702 1242 1788 populi
1266 1703 1303 1768 de
1327 1703 1513 1783 candidatis,

234 1823 379 1910 Synodus
402 1825 632 1912 Episcoporum
656 1829 801 1914 praeside
823 1829 893 1914 ipso
909 1827 1098 1894 Patriarcha
1118 1849 1214 1894 unum
1232 1827 1343 1915 eligat,
1358 1815 1400 1894 ”et
1423 1829 1513 1916 Apo·

234 1951 365 2017 stolicae
388 1950 462 2018 Sedi
485 1975 544 2038 pro
568 1954 810 2020 confirmatione
833 1959 1059 2039 repraesentet.

324 2077 416 2154 Quod
438 2100 513 2146 vero
537 2075 656 2145 attinet
687 2081 728 2146 ad
763 2079 899 2146 Graecos
922 2079 1103 2160 Melchitas,
1134 2079 1312 2146 Maronitas
1339 2083 1372 2146 et
1394 2077 1512 2164 Syrios,

234 2201 423 2268 Patriarcba
445 2203 548 2270 utitur
571 2205 703 2290 antiquo
726 2205 795 2271 iure
811 2205 949 2292 eligendi
965 2205 1153 2291 Episcopus,
1170 2204 1322 2271 consultis
1345 2203 1416 2270 aliis
1432 2203 1512 2290 Epi-

234 2328 338 2413 soopis
360 2327 452 2394 iuxta
474 2351 595 2394 morem
618 2331 862 2415 uniuscuiusque
886 2331 1134 2396 communitatis.

321 2452 381 2517 His
404 2451 640 2536 animadversis,
664 2455 892 2521 deveniendum
908 2459 957 2521 est
972 2457 1013 2522 ad
1028 2455 1139 2521 modos
1154 2455 1221 2520 inre
1241 2455 1402 2521 communi
1418 2477 1511 2540 prae·

231 2579 366 2664 scriptos
390 2578 430 2643 ad
453 2579 660 2646 obtinendam
682 2580 933 2647 iurisdictionem
957 2581 1214 2646 ecclesiasticam.

644 2829 714 2912 §1
741 2867 781 2876 —
806 2831 859 2896 Da
883 2831 1101 2898 Euaerronn.

319 3079 344 3146 I.
362 3117 397 3126 -
419 3079 544 3147 Electio
572 3085 621 3147 est
643 3103 796 3167 personae
819 3081 951 3148 idoneae
975 3081 1016 3146 ad
1039 3079 1257 3165 praelaturam
1285 3085 1452 3146 vacantem
1470 3081 1510 3146 ab

230 3208 269 3273 iis
293 3207 407 3292 quibus
430 3207 479 3274 ius
503 3211 551 3273 est
575 3209 725 3274 canonice
748 3208 835 3274 facta
859 3208 996 3273 vocatio.

320 3331 419 3396 Porro
442 3337 614 3417 antequam
637 3334 750 3399 electio
774 3335 842 3414 fiat,
866 3337 994 3419 oportet
1009 3331 1186 3399 Ecclesiam
1210 3355 1267 3400 suo
1291 3333 1441 3400 Praelata
1457 3334 1508 3399 vi·

233 3454 364 3515 ductam
398 3475 474 3536 esse,
499 3456 577 3539 (lap.
602 3459 655 3536 36,
680 3459 718 3521 de
751 3458 861 3536 elect.;
885 3459 995 3538 immo,
1018 3457 1133 3524 saltem
1157 3479 1195 3522 ex
1218 3457 1404 3537 honestate,
1436 3463 1510 3522 ante

233 3573 374 3640 defuncti
397 3575 596 3660 sepulturam
626 3579 824 3662 indictasque
853 3581 1102 3664 supplicationes
1126 3581 1180 3664 agi
1204 3581 1242 3642 de
1266 3579 1424 3642 electione
1447 3601 1509 3642 non

232 3699 336 3778 debet,
361 3699 440 3786 Cap.
466 3699 591 3767 Nullus
615 3703 645 3781 7,
670 3701 742 3768 dist.
768 3704 820 3767 79.

231 3949 397 4022 theologicis
416 3951 568 4020 vacaverit,
596 3955 626 4010 et
644 3971 699 4022 quo
718 3952 856 4023 profectu.
874 3955 899 4008 4.
920 3952 964 4008 An
982 3953 1086 4024 gradus
1105 3953 1249 4008 assecutus
1274 3949 1362 4008 fuerit
1382 3954 1412 4008 et
1430 3967 1508 4021 quos.

231 4041 256 4094 5.
275 4039 321 4095 An
339 4041 484 4098 Professor
511 4041 653 4098 exstiterit
671 4045 701 4099 et
719 4043 796 4098 cuius
822 4042 977 4099 facultatis.
1004 4044 1029 4098 6.
1049 4041 1094 4096 An
1120 4045 1149 4098 et
1173 4042 1222 4096 ubi
1240 4040 1387 4097 missiones
1415 4057 1509 4096 sacras

230 4126 358 4197 obiverit,
378 4134 407 4187 et
428 4149 514 4201 quam
532 4131 562 4186 in
581 4131 621 4188 eis
648 4133 851 4202 experientiam
881 4132 1043 4190 obtinuerit.
1073 4134 1096 4186 7.
1117 4131 1191 4198 Quot
1218 4130 1331 4201 linguas
1359 4130 1462 4186 calleat
1480 4134 1510 4185 et

230 4237 307 4288 quae.
328 4220 352 4274 8.
372 4219 477 4286 Quibus
505 4217 604 4277 officiis
624 4222 662 4278 sit
680 4222 853 4292 perfunctus,
873 4226 903 4280 et
921 4239 975 4293 quo
995 4239 1131 4278 successu.
1158 4223 1183 4276 9.
1210 4221 1301 4287 Quam
1330 4219 1510 4290 prudentiam

118 4328 127 4350 π
230 4308 390 4364 exhibuerit
407 4307 437 4366 in
456 4309 712 4379 deliberationibus,
732 4316 762 4368 et
787 4313 890 4384 agendi
918 4311 1098 4368 rationali).
1126 4311 1171 4365 An
1200 4310 1237 4366 eit
1262 4327 1377 4381 corpore
1407 4327 1509 4376 sanus;

119 4403 127 4459 3
230 4397 314 4468 frugi,
328 4397 449 4468 patiens,
468 4401 553 4469 atque
571 4400 601 4455 in
617 4401 862 4459 administratione
872 4419 965 4458 rerum
980 4399 1177 4470 temporalium
1198 4403 1336 4456 versatus.
1353 4400 1394 4454 11.
1407 4400 1510 4454 Utrum

120 4539 123 4546 .
229 4488 267 4544 sit
285 4487 422 4558 propositi
441 4492 534 4556 tenax,
555 4507 592 4544 an
610 4489 724 4561 ingenio
743 4491 882 4548 mutabili.
903 4493 944 4547 12.
964 4491 1040 4546 Num
1059 4490 1185 4562 gandeat
1203 4490 1282 4544 fama
1302 4487 1467 4554 honestatis,
1481 4491 1510 4544 et

124 4597 130 4625 :
230 4595 267 4632 an
285 4578 373 4634 fuerit
389 4596 524 4648 umquam
536 4579 565 4633 in
579 4597 611 4635 eo
625 4581 692 4650 quid
705 4585 803 4637 contra
815 4599 913 4638 mores.
935 4583 977 4636 13.
992 4580 1038 4634 An
1057 4581 1086 4635 in
1106 4579 1268 4636 exercendis
1289 4577 1508 4634 sacerdotalibus

229 4667 331 4722 muniis
351 4667 389 4724 sit
406 4667 541 4734 attentus,
560 4671 731 4739 compositus
751 4687 814 4726 cum
833 4671 1036 4738 aedificatione,
1055 4669 1230 4726 mbriearum
1258 4667 1398 4724 studiosus
1417 4667 1508 4724 obser·

141 4813 144 4820 ,
227 4759 317 4812 vator.
338 4757 379 4812 14.
398 4757 443 4812 An
462 4757 568 4826 habitu,
587 4762 677 4830 gestu,
697 4760 815 4828 incessu,
834 4778 962 4818 sermone
988 4760 1107 4829 aliisque
1128 4759 1258 4815 omnibus
1283 4758 1456 4829 gravitatem
1475 4774 1509 4812 ao

144 4841 164 4947 ᾗ
227 4846 395 4918 religionem
413 4847 598 4918 praeseferat.
