3906 5690
1006 455 1130 508 ..4-

517 630 675 714 Equidem
707 652 745 696 ex
769 652 831 715 quo
857 631 1045 716 Apostolica
1069 629 1165 698 Sedes
1189 631 1423 718 Episcoporum
1452 633 1622 699 electiones
1650 635 1714 702 sibi

428 753 546 838 partim
570 754 725 834 absolute,
750 757 868 841 partim
886 755 1096 822 saecularium
1118 756 1305 842 Principum
1327 760 1457 843 praevia
1480 759 1711 838 nominatione,

426 880 610 961 reservavit,
635 879 859 946 obsoleverunt
882 881 948 946 fere
971 881 1005 946 in
1028 881 1197 966 Episcopis
1222 882 1386 969 eligendis
1400 884 1522 949 formae
1546 885 1711 951 electionis

428 1005 566 1069 asacris
589 1005 762 1070 canonibus
785 1005 1001 1089 praescriptae
1024 1001 1079 1090 (1).
1103 1005 1174 1070 Hae
1197 1011 1306 1072 tamen
1322 1009 1427 1073 totam
1443 1010 1507 1074 vim
1530 1031 1620 1074 suam
1643 1031 1712 1076 aer·

426 1135 504 1195 rant
526 1131 560 1194 in
576 1129 730 1194 electione
747 1129 964 1214 praelatorum
987 1131 1054 1195 sive
1082 1130 1288 1218 regularium,
1305 1133 1371 1198 sive
1395 1133 1615 1214 saccularium,
1641 1136 1711 1220 epi·

426 1253 546 1339 scopeli
571 1255 730 1341 dignitate
753 1254 953 1320 inferiorum.

515 1379 559 1443 llt
582 1379 667 1462 quod
683 1379 801 1444 attinet
825 1379 865 1444 ad
880 1377 1069 1445 electionem
1092 1379 1324 1466 Episcoporum
1347 1384 1381 1448 in
1404 1383 1599 1477 dioecesibus
1624 1406 1706 1470 quae

425 1503 496 1570 Sao.
521 1505 791 1591 Congregationis
824 1503 894 1569 Fid.
918 1504 1017 1590 Prop.
1050 1505 1262 1572 iurisdictioni
1285 1507 1505 1588 subiiciuntur,
1529 1509 1710 1574 notandum

426 1633 484 1708 eat,
516 1629 601 1714 quod
624 1629 657 1694 in
681 1627 759 1694 locis
786 1630 820 1693 in
852 1629 967 1714 quibus
1001 1629 1215 1697 ecclesiastica
1242 1631 1421 1697 hierarchia
1451 1634 1627 1700 constituta
1650 1638 1710 1713 est,

497 1905 536 1972 ll)
559 1934 589 1944 ·-
609 1905 751 1974 Siquando
770 1922 845 1960 nova
868 1905 965 1974 aliqua
984 1905 1124 1961 Dioecesis
1148 1907 1192 1961 vel
1210 1905 1370 1962 Vicariatue
1391 1910 1441 1962 aut
1458 1907 1640 1964 Praefectura
1659 1910 1713 1964 eri·

425 1995 519 2065 ganda
529 1994 590 2050 Sac.
600 1993 1155 2064 Congregationiproponitur,iiadquos
1165 1993 1269 2050 deiure
1279 1995 1403 2064 pertinet
1413 1997 1560 2066 sequentia
1570 2015 1713 2068 exponere

425 2084 540 2138 debent:
554 2085 576 2137 1.
590 2081 719 2138 Breviter
731 2082 920 2152 distincteque
933 2100 1004 2152 quae
1018 2083 1055 2138 ad
1068 2083 1211 2140 Missiouis
1225 2083 1381 2140 catholicae
1396 2085 1479 2142 initia
1489 2103 1522 2141 ac
1531 2103 1711 2158 progressum

424 2172 455 2226 in
466 2172 589 2242 regione,
603 2172 637 2226 de
651 2189 707 2242 qua
721 2189 811 2228 sermo
832 2175 883 2237 est,
896 2171 1065 2228 referuntur.
1085 2174 1110 2227 2.
1125 2171 1254 2229 Confinia
1265 2173 1410 2240 territorii,
1423 2175 1523 2244 quibus
1543 2193 1618 2232 nova
1630 2175 1711 2232 Dice·

425 2260 503 2326 cesis,
524 2259 692 2326 Vicariatus,
712 2261 758 2316 vel
780 2261 964 2320 Praefectura
990 2260 1129 2318 contineri
1157 2263 1253 2318 debet:
1280 2265 1316 2329 et,
1343 2267 1375 2320 ut
1400 2264 1501 2322 clarior
1525 2265 1711 2322 terminomm

424 2347 576 2406 delineatio
603 2351 786 2420 praebeatur,
813 2350 928 2406 chartae
954 2351 1173 2421 corographicae
1199 2351 1286 2407 etiam
1313 2353 1451 2409 coloribus
1475 2339 1641 2421 distinctae,
1668 2372 1711 2421 ac,

425 2439 563 2508 siquidem
588 2439 686 2494 haberi
705 2441 821 2496 valeant
845 2440 922 2508 typis
948 2439 1049 2506 editae,
1076 2440 1274 2512 adiungantur.
1295 2443 1356 2508 Qua
1378 2442 1409 2497 in
1428 2459 1457 2499 re
1484 2441 1624 2514 quantum
1646 2444 1710 2500 fieri

424 2531 519 2598 potest
538 2529 703 2595 cavendum,
722 2546 758 2584 ne
777 2529 915 2585 montium
934 2529 1020 2585 series
1039 2529 1084 2586 vel
1103 2529 1249 2587 fluminum
1271 2547 1376 2600 cursus,
1395 2533 1441 2588 vel
1459 2533 1562 2602 gradus
1587 2533 1709 2604 longitu-

424 2617 498 2672 dinis
517 2621 567 2673 aut
585 2618 744 2674 latitudinis
765 2621 911 2688 tamquam
930 2618 1036 2675 limites
1055 2619 1248 2690 assignentur3
1268 2624 1299 2677 at
1316 2621 1410 2691 potius
1429 2624 1584 2678 curandum
1602 2623 1664 2690 erit,
1679 2626 1711 2679 ut

424 2707 530 2778 integri
548 2705 700 2775 districtus,
713 2706 762 2762 ubi
781 2707 908 2764 homines
928 2708 1026 2764 eadem
1045 2709 1145 2780 lingua
1163 2710 1317 2780 eodemque
1336 2711 1413 2767 cirili
1427 2712 1563 2784 gubernio
1583 2715 1709 2778 utuntur,

424 2797 501 2853 iutra
518 2796 652 2852 terminos
665 2797 824 2866 praedictos
844 2797 1020 2853 claudantur.
1035 2799 1169 2862 Quamvis
1189 2799 1264 2854 enim
1283 2803 1457 2869 compertam
1476 2802 1521 2868 ait,
1541 2802 1627 2856 aliam
1640 2800 1710 2854 divi·

424 2903 532 2951 narum,
548 2886 634 2940 aliam
652 2887 840 2940 humanarum
858 2901 950 2940 rerum
970 2885 1110 2940 rationem
1129 2902 1199 2950 esse,
1219 2887 1344 2954 adeoque
1363 2886 1532 2941 Ecclesiain
1543 2887 1710 2940 Dicecesum

425 2979 475 3032 aut
486 2975 680 3030 Vicariatuum
693 2971 832 3029 limitibus
852 2971 1056 3029 constituendis
1069 2974 1116 3029 vel
1135 2973 1318 3030 immutandis
1338 2973 1463 3028 civilium
1476 2987 1626 3044 regnorum
1641 2971 1710 3028 divi·

425 3066 516 3121 aiones
543 3063 624 3133 sequi
641 3081 699 3119 uon
718 3063 910 3128 consueverim
929 3061 1112 3118 nihilominus
1138 3061 1174 3117 ad
1192 3079 1240 3118 eas
1266 3077 1478 3131 nonnumquam
1498 3063 1629 3118 accedere
1652 3079 1709 3118 uon

423 3153 525 3218 renuit,
546 3153 655 3223 quoties
674 3153 858 3224 opportunius
885 3155 914 3208 et
933 3151 1105 3208 commodius
1126 3151 1198 3206 sacri
1216 3151 1366 3208 ministerii
1384 3151 1553 3208 exercitium
1570 3151 1599 3206 id
1618 3151 1709 3222 requi·

423 3247 505 3299 reret.
527 3245 550 3298 3.
571 3242 751 3312 Exprimatur
776 3257 909 3297 numerus
928 3241 1087 3306 civitatum,
1107 3239 1273 3310 oppidomm
1292 3243 1321 3296 et
1339 3241 1473 3304 locorum,
1499 3240 1596 3310 quiin
1614 3243 1709 3298 tractu

424 3331 557 3403 regionis,
575 3333 609 3388 de
629 3345 684 3400 quo
704 3329 806 3401 agitur,
827 3333 942 3396 extant;
966 3346 1018 3384 nec
1035 3346 1093 3385 non
1111 3343 1243 3384 numerus
1261 3327 1417 3385 incolarum
1442 3345 1593 3400 eorumque
1611 3329 1709 3400 origo;

423 3421 538 3491 insuper
556 3439 613 3490 qua
625 3419 718 3476 indole
731 3420 790 3475 rint
804 3419 969 3489 comparati,
983 3435 1112 3488 quaeque
1127 3435 1190 3487 spes
1202 3416 1338 3489 affulgeat
1350 3413 1513 3488 progressus
1526 3419 1709 3490 evangelicae

424 3509 642 3581 praedicationis
667 3509 742 3564 inter
760 3509 844 3578 ipsos.
864 3511 888 3562 4.
909 3507 954 3562 An
972 3507 1002 3562 in
1021 3506 1165 3564 territorio
1191 3507 1285 3563 adsint
1303 3507 1439 3564 haeretici
1457 3508 1502 3564 vel
1526 3505 1708 3574 schismatici,

424 3603 453 3655 et
480 3617 518 3655 an
536 3617 631 3656 eorum
650 3615 756 3654 errores
784 3597 841 3652 sint
866 3596 950 3652 valde
973 3595 1076 3651 diffusi.
1100 3596 1123 3650 5.
1148 3595 1193 3650 An
1216 3598 1245 3652 et
1269 3613 1324 3666 quo
1350 3615 1465 3652 numero
1493 3597 1619 3654 existant
1636 3597 1709 3654 inibi

425 3689 536 3746 scholae
555 3689 647 3744 aliave
666 3687 801 3744 instituta
815 3687 851 3740 ab
870 3683 1035 3740 acatholicis
1048 3685 1094 3740 vel
1107 3685 1266 3742 infidelibus
1286 3689 1388 3742 erecta.
1407 3687 1432 3741 6.
1447 3685 1492 3740 An
1511 3686 1598 3742 libere
1618 3687 1709 3756 possit

424 3795 474 3848 per
492 3795 527 3834 ea
544 3779 607 3834 loca
626 3775 782 3847 praedicari
806 3779 835 3831 et
854 3774 975 3830 exerceri
995 3773 1135 3830 catholica
1153 3775 1230 3844 fides,
1256 3778 1285 3830 et
1303 3793 1341 3830 an
1359 3779 1388 3831 et
1407 3792 1480 3844 quae
1505 3775 1709 3845 impedimenta

424 3868 538 3924 obstent
557 3865 717 3936 progressui
735 3863 889 3935 religionis,
903 3863 962 3920 sive
977 3881 1010 3918 ex
1024 3867 1105 3933 parte
1125 3862 1215 3918 civilis
1234 3864 1371 3935 gubernii,
1390 3864 1450 3919 sive
1469 3881 1502 3920 ex
1516 3869 1597 3934 parte
1611 3865 1708 3921 haere·

423 3955 543 4010 ticorum
562 3955 608 4010 vel
626 3953 869 4010 schismaticorum
889 3956 938 4008 aut
957 3969 1140 4025 paganorum.
1161 3955 1186 4008 7.
1205 3953 1387 4024 Exprimatur
1404 3971 1537 4010 numerus
1557 3954 1708 4011 catholico·

424 4062 486 4099 rum
504 4048 533 4099 et
547 4044 663 4114 quinam
683 4059 778 4099 eorum
796 4059 896 4110 mores,
909 4044 938 4098 et
956 4061 1024 4098 num
1043 4042 1127 4098 fidem
1146 4045 1175 4098 et
1187 4043 1398 4121 absentantium
1416 4047 1532 4099 mactae
1551 4039 1707 4113 Religionis

425 4133 548 4203 practice
562 4136 683 4189 servent,
703 4131 727 4186 8.
742 4131 787 4186 An
800 4131 886 4187 iidem
901 4132 1033 4188 catholici
1045 4132 1170 4197 habeant
1182 4131 1276 4186 media
1287 4131 1454 4201 providendi
1467 4131 1597 4202 expensis
1611 4131 1708 4192 divino

424 4222 513 4278 cultui
531 4221 704 4278 necessariis.
729 4222 753 4276 9.
766 4221 812 4276 An
830 4221 1006 4291 reperiantur
1026 4220 1179 4277 consociati
1198 4221 1229 4275 in
1248 4220 1388 4290 aliquibus
1407 4221 1542 4276 territorii
1560 4220 1707 4285 tractibus,

423 4313 469 4368 vel
489 4315 588 4368 contra
613 4311 656 4367 ita
673 4327 724 4380 per
742 4313 834 4366 totam
852 4310 997 4381 regionem
1022 4310 1141 4380 dispersi
1160 4309 1234 4366 inter
1252 4309 1424 4366 acatholicos
1450 4313 1500 4366 aut
1517 4309 1652 4375 infideles,
1675 4313 1709 4366 ut

424 4397 538 4457 difficile
558 4399 708 4456 admodum
728 4399 831 4455 eradat
849 4399 985 4470 operariis
1013 4397 1186 4470 evangelicis
1211 4415 1338 4456 exercere
1363 4397 1550 4454 ministerium
1577 4396 1707 4454 ecclesia-

424 4491 525 4546 sticum
544 4490 619 4546 inter
637 4490 721 4560 ipsos.
744 4489 785 4543 10.
800 4489 862 4555 Qua
880 4489 910 4544 in
922 4489 990 4544 urbe
1009 4489 1054 4544 vel
1073 4489 1134 4544 loco
1154 4487 1351 4546 constituenda
1367 4491 1541 4558 proponatur
1554 4485 1709 4542 residentia

423 4579 565 4650 Episcopi,
584 4579 699 4646 Vicarii,
719 4579 765 4636 val
783 4578 925 4635 Praefecti
943 4577 1116 4649 Apostolici;
1141 4581 1227 4648 atque
1244 4581 1339 4633 utrum
1358 4581 1388 4634 et
1405 4578 1436 4632 in
1455 4595 1510 4646 quo
1537 4579 1614 4630 statu
1633 4576 1708 4632 adsit

423 4669 494 4726 inibi
514 4670 632 4726 ecclesia
651 4673 680 4725 et
697 4669 804 4735 domus,
823 4667 853 4723 in
873 4687 930 4738 qua
948 4685 1037 4724 novus
1057 4667 1170 4737 praesul
1189 4666 1355 4723 commorari
1373 4667 1482 4722 debeat.
1504 4665 1544 4719 11.
1564 4665 1709 4720 indicetur

423 4775 555 4814 numerus
582 4763 611 4813 et
630 4761 720 4814 status
740 4758 922 4824 ecclesiarum
948 4762 978 4813 et
1005 4757 1178 4823 sacellorum,
1206 4755 1330 4826 quaein
1349 4754 1490 4811 territorio
1513 4757 1608 4810 erecta
1627 4757 1707 4820 sunt5.
