3906 5690
806 558 947 612 ..39-

234 738 389 818 dividere,
405 738 506 818 unire,
523 737 663 822 exceptis
680 737 837 821 exemptis
860 739 893 802 et
908 741 1062 822 perpetuo
1079 739 1262 818 reservatis,
1276 743 1309 803 et
1325 739 1420 824 salvis
1437 741 1520 806 inte-

231 863 300 928 rim
329 863 451 930 iuribus
474 863 571 930 tertio
595 862 758 947 quaesitis.
788 861 909 928 Verum
932 861 1111 948 Episcopus
1134 885 1199 930 non
1222 867 1329 948 potest
1350 865 1439 930 unire
1462 865 1519 930 be-

237 989 356 1054 neficia
378 1009 505 1054 mensae
528 1009 615 1066 suae,
633 987 685 1053 vel
709 987 857 1072 capitulo
881 987 1073 1055 cathedralis
1096 988 1269 1069 Ecclesiae,
1285 1011 1344 1054 nec
1366 989 1520 1070 fabricae,

235 1135 297 1180 nec
326 1113 490 1178 sacristiae
514 1111 598 1197 (Sao.
630 1113 721 1178 Cone.
749 1112 838 1180 core.
861 1113 899 1178 a'a
923 1109 1104 1180 Coraetuaa
1127 1115 1170 1178 24
1190 1113 1270 1178 febr.
1297 1112 1408 1196 1872),
1424 1115 1521 1198 idque

234 1261 277 1304 ne
300 1239 334 1304 in
357 1238 478 1323 synodo
502 1237 640 1321 quidem,
664 1257 765 1321 neque
796 1240 904 1322 potest
930 1237 1086 1302 beneficia
1113 1235 1311 1322 parochialia
1334 1239 1426 1302 unire
1451 1261 1521 1302 mo-

233 1363 394 1442 nasteriis,
421 1361 635 1449 dignitatibus
658 1366 730 1442 eto,
757 1361 808 1427 rel
830 1363 870 1426 iis
892 1361 1065 1442 beneficiis,
1093 1383 1175 1447 quae
1201 1383 1309 1427 curam
1341 1365 1522 1428 animarum

232 1509 301 1554 non
329 1489 462 1567 habent,
493 1509 593 1572 eoque
616 1487 719 1552 minus
750 1509 787 1552 ea
811 1492 993 1552 convertere
1022 1487 1056 1552 in
1079 1488 1234 1554 beneficia
1260 1483 1429 1572 simplicia,
1463 1510 1521 1553 nec

233 1612 337 1678 libera
359 1611 523 1678 beneficiis
545 1612 622 1676 iuris
637 1616 836 1696 patronatus,
859 1612 921 1677 nisi
945 1615 1001 1677 aut
1023 1617 1176 1696 patronus
1199 1635 1256 1678 suo
1272 1613 1334 1678 iuri
1355 1613 1522 1678 renunciet

237 1741 296 1804 aut
319 1736 489 1802 conveniat
511 1735 642 1802 alternis
664 1739 867 1820 praesentare
884 1735 960 1819 (Lao
977 1735 1128 1800 Tanarus.
1145 1736 1224 1802 For.
1240 1738 1310 1804 eccl.
1328 1736 1384 1802 lib.
1410 1736 1452 1802 ΙΙ.
1480 1739 1521 1802 16

238 1862 280 1926 14
296 1883 336 1925 ex
351 1859 424 1928 Suc.
436 1861 542 1952 Com.
560 1857 678 1941 Coae),
694 1863 751 1924 eut
773 1859 834 1924 nisi
849 1859 945 1924 aliter
967 1859 1062 1925 alicui
1085 1860 1252 1944 paroeciae
1274 1861 1435 1944 provideri
1456 1883 1522 1925 non

234 1985 348 2070 possit,
365 1984 456 2052 Conl.
481 1983 607 2049 ernaus
632 1983 684 2050 De
700 2004 813 2052 exaesa
823 1985 931 2068 prael.
956 1984 1049 2052 Oons.
1075 1985 1110 2062 5;
1134 2005 1192 2050 nec
1207 1985 1362 2050 beneficia
1378 1985 1522 2050 diversae

237 2109 390 2176 dioecesis
412 2111 497 2175 inter
523 2131 557 2176 se
580 2107 640 2193 (1).
664 2108 745 2174 Heic
767 2131 842 2176 vero
869 2109 1046 2175 notandum
1076 2113 1135 2189 est,
1159 2109 1407 2194 suppressiones,
1439 2109 1521 2174 divi-

237 2239 352 2315 siones,
369 2235 501 2300 uniones
517 2235 642 2300 odiosas
658 2255 726 2300 esse
749 2238 781 2300 et
797 2233 989 2300 considerari
1012 2238 1179 2319 tamquam
1194 2233 1422 2312 alienationes;
1439 2234 1521 2298 unde

235 2359 380 2445 sequitur
402 2381 466 2439 eas,
482 2363 520 2424 ut
542 2362 631 2424 ratae
654 2358 729 2438 sint,
746 2359 815 2424 fieri
837 2380 902 2424 non
917 2359 1031 2424 debere
1055 2359 1172 2426 nisiex
1187 2381 1307 2446 magna
1323 2364 1356 2424 et
1380 2358 1520 2424 evidenti

240 2483 402 2550 Ecclesiae
425 2483 614 2550 necessitate
643 2482 695 2548 vel
709 2483 862 2566 utilitato,
885 2485 1008 2550 vocatis
1032 2485 1179 2550 omnibus
1210 2505 1345 2568 quorum
1377 2485 1521 2562 intmest,

238 2629 373 2693 cumque
397 2629 552 2674 consensu
574 2613 644 2673 tum
671 2607 813 2692 Capituli
834 2607 1028 2672 cathedralis
1049 2607 1224 2688 Ecclesiae,
1251 2609 1313 2673 nisi
1342 2607 1522 2691 Episcopus

236 2738 403 2817 tamquam
430 2732 618 2817 Delegatus,
631 2729 721 2796 Sedis
745 2713 954 2815 Apostolicae
976 2732 1137 2816 procedat,
1162 2732 1214 2798 vel
1240 2732 1327 2797 aliud
1352 2733 1483 2796 consuet
1506 2763 1521 2778 -

237 2859 310 2924 dine
332 2858 498 2923 inductum
521 2857 574 2935 sit,
596 2859 667 2922 tum
690 2877 799 2921 eorum
822 2877 957 2940 quorum
980 2856 1050 2922 iura
1078 2877 1116 2920 ex
1141 2855 1327 2935 abolitione,
1356 2854 1522 2933 divisione,

234 2984 352 3062 unione
382 2981 467 3048 forte
489 2980 701 3048 laederentur.
725 2981 772 3047 At
793 3003 869 3046 vero
900 2981 928 3046 si
951 2981 1079 3047 evidens
1102 2981 1275 3048 necessitas
1298 2986 1425 3068 urgeat,
1446 2981 1523 3046 licet

235 3108 395 3194 Episcopo
419 3107 469 3172 lris
489 3107 587 3172 etiam
611 3110 644 3170 et
666 3105 815 3191 Capitulo
838 3106 951 3186 invito,
976 3111 1083 3190 atque,
1106 3105 1140 3170 in
1162 3105 1323 3190 parochiis
1342 3105 1520 3172 dividendis

235 3212 368 3318 propter
398 3233 541 3298 locorum
576 3231 773 3312 distantiam,
806 3231 908 3298 invito
939 3231 1094 3312 Parocho,
1129 3231 1295 3316 providere
1324 3231 1519 3298 necessitati.

235 3357 325 3421 Haec
341 3377 415 3419 vero
439 3377 520 3438 quae
543 3357 582 3422 de
598 3356 751 3422 divisione
775 3361 808 3421 et
824 3377 977 3422 consensu
994 3356 1135 3440 Capituli
1156 3357 1304 3436 diximus,
1321 3357 1520 3422 observanda

237 3481 314 3540 ¹suut
337 3477 436 3542 etiam
458 3479 491 3542 in
515 3480 805 3559 dismembratione,
837 3481 963 3564 quando
987 3480 1108 3545 scilieet
1131 3480 1240 3564 aliqua
1262 3481 1348 3545 bona
1371 3503 1426 3546 seu
1449 3481 1521 3545 red·

240 3597 325 3664 ditus
356 3597 490 3664 alicuius
520 3599 670 3666 ecclesiae
704 3603 756 3666 vel
789 3602 936 3666 beneficii
965 3607 1152 3684 separantur
1181 3602 1338 3684 alterique
1367 3603 1523 3665 beneficio

238 3723 289 3788 vel
321 3722 473 3790 ecclesiae
505 3721 718 3808 applicantur.
747 3761 784 3770 -
813 3723 939 3790 Poterit
972 3723 1151 3808 Episcopus
1187 3722 1403 3809 indulgentias
1439 3723 1525 3788 intra

239 3846 360 3914 limites
391 3848 500 3913 aiure
523 3847 646 3932 positos
668 3849 836 3932 impertiri,
860 3849 984 3936 gratias
1008 3871 1045 3914 ac
1067 3848 1239 3936 privilegia
1267 3869 1348 3933 quae
1371 3870 1435 3914 non
1458 3847 1526 3914 sint

237 3978 349 4038 contra
372 3973 421 4038 ius
445 3977 696 4052 commaneant
720 3978 831 4038 contra
853 3974 992 4040 Romani
1009 3973 1174 4040 Pontificis
1194 3974 1423 4039 reservationas
1440 3972 1524 4037 elar-

312 4148 350 4218 (1)
369 4150 485 4206 Praeter
497 4151 568 4206 haec
580 4167 652 4218 quae
665 4150 776 4206 ratione
785 4167 922 4220 personae
933 4155 1081 4207 reservata
1090 4155 1164 4216 sunt,
1177 4151 1287 4207 ratione
1300 4152 1424 4219 beneficii
1438 4168 1523 4207 reser

239 4243 342 4294 vantur
360 4239 502 4295 Ecclesiae
515 4240 705 4306 cathedrales;
720 4240 893 4297 monasteria
905 4241 1115 4297 concistorialia
1132 4258 1205 4312 quae
1219 4242 1271 4296 200
1289 4241 1407 4297 florenos
1427 4242 1525 4296 valore

207 4365 211 4372 -
243 4327 396 4393 excedunt;
415 4328 534 4386 maiores
548 4327 703 4399 dignitates
725 4329 931 4386 cathedralium
943 4333 972 4386 et
985 4331 1093 4400 primae
1106 4329 1326 4400 collegiatarum
1339 4347 1411 4399 quae
1432 4330 1464 4384 10
1477 4330 1524 4384 flo-

243 4433 326 4471 renos
344 4415 441 4472 valore
465 4417 610 4483 excedunt,
629 4417 773 4473 Prioratus
792 4421 821 4474 et
840 4417 913 4473 alias
931 4415 1087 4489 dignitates
1107 4418 1306 4476 conventuales
1331 4422 1383 4474 etc.
1402 4418 1524 4472 Ratione

241 4521 308 4560 vero
322 4507 452 4574 temporie
465 4508 644 4560 reservantur
654 4506 792 4562 beneficia
804 4525 877 4576 quas
889 4511 995 4565 vacant
1007 4505 1176 4578 (incipiendo
1193 4505 1364 4575 alanuario)
1381 4505 1524 4562 mensibus

243 4593 408 4650 altamatim
422 4594 550 4664 sumptis,
563 4593 587 4650 si
600 4595 719 4651 collator
737 4595 774 4650 sit
787 4596 941 4666 Episcopus
961 4597 1039 4654 etin
1052 4596 1174 4654 dioecesi
1191 4595 1324 4661 resideat,
1336 4595 1411 4650 binis
1431 4597 1525 4651 antem

241 4682 383 4738 extribus
403 4683 540 4752 quibusve
559 4684 652 4753 quoad
669 4685 792 4754 reliquos
811 4685 968 4756 collatores,
984 4702 1057 4756 quae
1077 4691 1174 4742 tamen
1191 4685 1346 4742 reservatio
1365 4689 1457 4741 cessat
1475 4703 1526 4755 per

241 4771 270 4825 id
289 4773 400 4842 tempus
419 4789 475 4842 quo
494 4772 578 4828 Sedes
594 4773 757 4842 Apostolica
771 4777 871 4841 vacat,
886 4775 985 4831 atalia
1003 4777 1038 4831 de
1057 4776 1159 4846 quibus
1179 4774 1221 4830 Cf.
1237 4775 1374 4831 Erasanrs
1390 4775 1424 4830 V.
1437 4776 1525 4832 Beue·

239 4861 342 4926 ficiam.
