3906 5690
783 569 925 620 ...45-

196 756 366 816 processus
394 739 586 814 instituatur,
611 741 677 800 erui
698 743 798 817 potest
826 741 886 800 iam
912 761 949 801 ex
969 741 1041 800 facti
1069 743 1253 819 expositione
1281 744 1427 822 Episcopo
1448 749 1498 806 vel

196 838 403 896 Procuratori
434 837 547 898 Fiscali
578 837 658 911 data,
689 837 807 914 quando
838 838 951 897 factum
982 839 1020 898 ad
1041 840 1122 916 ipsos
1152 841 1250 917 primo
1280 841 1413 901 delatum
1437 848 1495 905 est.

195 933 287 998 Quae
315 936 461 1012 expositio
487 937 672 995 authenticis
693 936 956 997 informationibus
981 937 1031 996 vel
1051 937 1235 996 confessione
1262 941 1493 1016 extraiudiciali,

196 1033 251 1092 vel
279 1033 408 1092 testium
429 1033 673 1110 depositionibus,
701 1034 794 1092 etiam
816 1033 1087 1094 extraiudicialiter
1107 1034 1205 1109 factis,
1224 1036 1270 1095 ita
1289 1038 1494 1114 confirmetur,

196 1133 234 1188 ut
265 1135 416 1208 appareat
443 1149 615 1208 processum
641 1131 735 1190 solido
762 1131 956 1190 fundamento
984 1133 1075 1190 inniti
1103 1135 1135 1191 et
1155 1134 1339 1194 calumniam
1367 1137 1495 1196 excludi.

195 1229 423 1304 Transgressio
455 1246 527 1288 vero
557 1229 710 1306 praecepti
731 1247 767 1288 ex
788 1230 853 1306 ipso
884 1230 1003 1290 decreto
1024 1233 1056 1288 et
1075 1233 1145 1290 actu
1167 1231 1369 1292 intimationis
1400 1231 1498 1293 factae

197 1325 378 1386 deducitur.

289 1425 337 1482 Ad
374 1425 593 1484 admittendam
631 1441 704 1484 vcro
735 1425 779 1484 rei
810 1425 1050 1502 culpabilitotem
1082 1427 1253 1486 neccssaria
1283 1431 1330 1486 cst
1359 1428 1499 1504 probatio

196 1521 325 1596 legalis,
345 1539 421 1598 quac
442 1522 480 1580 iis
494 1523 654 1580 momentis
674 1525 813 1581 constare
828 1523 924 1596 debet,
943 1523 1051 1599 quibus
1072 1524 1187 1582 veritas
1202 1542 1274 1584 vere
1291 1525 1499 1586 demonstrata
1547 1555 1551 1561 ·

197 1619 366 1693 elucescat,
392 1619 442 1678 vel
463 1619 571 1678 saltem
592 1621 715 1678 moralis
736 1621 884 1680 convictio
909 1621 1078 1695 inducatur,
1111 1641 1296 1698 quocumque
1321 1623 1496 1683 rationabili

198 1717 298 1776 dubio
334 1716 462 1792 oppositi
500 1719 624 1777 remoto.
657 1717 779 1792 chalis
815 1718 953 1794 probatio
981 1721 1082 1778 autem
1109 1720 1269 1796 praecipue
1296 1719 1425 1780 efficitur
1459 1741 1496 1780 ex

198 1815 444 1890 depositionibus
465 1815 599 1875 testium.
616 1815 698 1890 Ergo
720 1816 810 1874 ludex
825 1815 875 1874 vel
895 1815 1024 1874 Auditor
1045 1834 1123 1874 nunc
1136 1819 1230 1875 testes
1245 1819 1352 1876 citabit
1373 1821 1405 1876 et
1422 1837 1496 1878 exa-

198 1912 337 1970 minabit
348 1909 406 1990 (l).
419 1911 452 1970 Si
467 1913 590 1988 praeter
604 1913 813 1971 iusiurandum
828 1913 864 1971 de
879 1914 1011 1974 veritate
1025 1914 1159 1987 dicenda,
1178 1915 1269 1972 ctiam
1286 1915 1497 1974 iusiurandum

198 2009 239 2067 de
276 2011 390 2068 secreto
415 2010 564 2068 servando
590 2027 609 2068 a
635 2011 764 2068 testibus
790 2011 968 2087 requiritur,
1005 2011 1168 2084 sciendum,
1200 2029 1250 2070 cos
1276 2013 1331 2070 hoc
1357 2013 1497 2072 ulteriori

198 2106 401 2166 iureiurando
426 2107 525 2166 teneri
556 2125 650 2183 usque
677 2107 715 2166 ad
746 2107 876 2184 legalem
906 2109 1126 2186 depositionum
1159 2109 1402 2186 publicationem,
1437 2129 1497 2170 non

199 2204 348 2281 amplius.

286 2301 345 2360 Ubi
360 2302 390 2360 id
404 2320 501 2376 omne,
521 2301 598 2378 quod
612 2302 650 2360 ad
664 2303 828 2365 veritatem
848 2303 996 2362 factorum
1011 2304 1250 2364 constituendam
1265 2308 1297 2364 et
1309 2307 1429 2382 culpam
1443 2324 1497 2365 ac-

199 2399 303 2458 cusati
323 2401 508 2476 probandam
530 2401 672 2476 pertinet,
690 2401 862 2460 absolutum
876 2400 977 2476 fuerit,
996 2403 1164 2478 imputatus
1178 2404 1368 2462 intimatione
1383 2405 1498 2481 scripta

200 2497 243 2555 ad
264 2515 390 2556 examen
410 2499 547 2558 vocatur.
572 2498 745 2558 Cavendum
769 2501 816 2557 est
841 2517 878 2558 ne
903 2502 1028 2558 vocetur
1053 2485 1215 2576 antequam
1244 2503 1345 2560 omnia
1372 2502 1498 2562 collecta

200 2593 328 2668 luerint,
367 2613 444 2672 quae
477 2593 549 2654 facti
584 2596 776 2655 existentiam
811 2598 901 2672 atque
934 2597 1076 2672 imputati
1103 2598 1222 2674 culpam
1253 2599 1423 2659 ostendant.
1460 2600 1495 2658 In

201 2693 406 2767 intimatione,
431 2693 490 2750 nisi
511 2692 673 2769 prudentia
694 2693 801 2766 obstet,
826 2694 1031 2752 accusationes
1052 2695 1158 2752 contra
1177 2711 1263 2752 reum
1284 2697 1420 2770 perlatae
1443 2713 1498 2771 per

201 2792 363 2848 extensum
384 2789 568 2864 reseruntur,
594 2791 629 2848 ut
649 2789 687 2848 ad
708 2790 932 2866 responsionem
953 2807 985 2847 se
1005 2806 1189 2866 praeparare
1209 2792 1313 2866 possit,
1332 2792 1496 2867 etquidem

202 2895 237 2951 in
266 2886 399 2963 scriptis.
428 2888 582 2961 Attamen,
615 2889 641 2946 si
662 2888 699 2946 ob
720 2886 944 2946 accusationum
965 2887 1153 2963 qualitatem,
1178 2888 1227 2946 vel
1249 2889 1310 2946 alia
1335 2890 1371 2948 de
1392 2907 1494 2951 causa,

204 2983 288 3042 haud
316 2984 455 3060 expediat
476 2986 511 3042 ut
536 2984 567 3042 in
595 2983 787 3043 intimatione
807 2983 1026 3060 exprimantur,
1052 2984 1083 3042 in
1111 2983 1167 3042 hac
1189 2985 1264 3044 satis
1290 2988 1350 3044 erit
1370 2988 1496 3047 innuere

204 3081 304 3157 ipsum
326 3083 364 3141 ad
389 3099 514 3144 examen
535 3082 650 3156 vocari,
683 3083 718 3140 ut
739 3083 770 3140 in
791 3097 889 3140 causa
909 3081 945 3140 de
973 3101 1034 3158 qua
1056 3084 1162 3140 contra
1183 3101 1252 3140 eum
1280 3083 1496 3165 fittinquisitio

207 3199 272 3241 sese
294 3181 444 3243 defendat.

286 3279 370 3344 Quod
390 3281 417 3338 si
437 3281 475 3340 ad
496 3299 622 3340 examen
643 3281 783 3340 accedere
804 3283 931 3356 recuset,
960 3282 1072 3341 iterum
1095 3281 1131 3340 tit
1156 3281 1318 3355 intimatio,
1343 3283 1434 3358 atque
1462 3283 1494 3340 in

199 3393 242 3436 ea
267 3395 434 3450 congruum
459 3380 577 3454 tempus
603 3380 838 3456 peremptorium
862 3378 1053 3457 praefinitur,
1082 3379 1165 3438 intra
1190 3380 1268 3456 quod
1294 3397 1365 3438 reus
1391 3396 1493 3438 coram

281 3609 320 3678 (l)
338 3611 477 3668 Personae
495 3629 568 3682 quac
587 3615 710 3670 examini
728 3615 917 3670 subiiciendae
936 3619 1010 3680 sunt,
1029 3616 1183 3684 separatim
1201 3615 1363 3669 audiantur.
1390 3613 1489 3670 Testes

202 3700 245 3756 ad
264 3699 468 3769 probationem,
489 3701 548 3756 sire
563 3701 599 3755 ad
611 3701 811 3769 defensionem,
826 3702 851 3756 si
863 3702 968 3770 legalia
981 3703 1184 3772 impedimenta
1195 3701 1224 3755 id
1239 3719 1296 3756 non
1311 3699 1487 3770 prohibeant,

203 3789 359 3845 audiantur
378 3790 515 3859 praestito
533 3790 693 3846 iuramento
712 3790 746 3846 de
765 3791 886 3846 veritate
904 3790 1031 3856 dicenda,
1051 3794 1080 3847 et
1099 3791 1123 3846 si
1141 3807 1185 3846 res
1204 3789 1337 3860 postulet,
1353 3788 1441 3846 etiarn
1456 3789 1491 3846 de

203 3883 312 3935 secreto
331 3879 477 3935 servando.
497 3879 600 3948 Itaque
618 3882 772 3949 antequam
791 3880 986 3949 testificentur,
1002 3897 1066 3936 cum
1078 3881 1112 3936 de
1127 3879 1247 3936 veritate
1262 3883 1324 3934 tum
1334 3879 1369 3934 de
1382 3881 1493 3936 secreto

204 3968 305 4024 iurent.
325 3969 365 4023 Eo
384 3969 476 4039 magis
495 3969 530 4024 dc
549 3964 640 4024 officio
659 3968 780 4024 fideliter
797 3969 977 4038 adimplendo
996 3972 1026 4024 et
1043 3969 1078 4026 de
1097 3973 1216 4038 secreto,
1236 3987 1286 4039 pro
1305 3967 1354 4034 rei,
1373 3967 1409 4023 de
1433 3986 1490 4038 qua

206 4057 308 4127 agitur,
328 4057 479 4128 exigentia,
499 4058 637 4114 servando
656 4075 752 4113 omnes
771 4057 930 4114 iuramento
949 4057 1078 4114 obstricti
1097 4057 1155 4114 sint
1173 4059 1295 4128 oportet,
1316 4055 1365 4126 qui
1392 4055 1424 4112 in
1452 4056 1495 4112 in·

204 4147 359 4203 structione
377 4163 522 4216 processus
536 4163 570 4203 ex
583 4165 632 4202 suo
651 4163 765 4202 munere
784 4151 894 4216 partem
914 4147 1038 4218 aliquam
1052 4147 1184 4202 habeant.
1200 4146 1301 4203 Testes
1315 4145 1363 4214 qui
1377 4145 1407 4200 in
1419 4145 1490 4202 locis

203 4235 289 4306 longe
308 4235 414 4291 dissitis
432 4237 478 4292 vel
496 4236 526 4290 in
545 4236 640 4291 aliena
658 4235 780 4292 dioecesi
798 4236 913 4307 degunt,
933 4237 1076 4292 mediante
1102 4235 1273 4292 auctoritate
1297 4234 1492 4290 ecclesiastica

204 4325 260 4381 loci
279 4325 309 4379 in
328 4343 382 4394 quo
401 4329 525 4392 manent,
546 4325 750 4394 examinentur,
770 4325 800 4380 in
819 4344 903 4396 quem
921 4327 1007 4381 finem
1025 4326 1167 4395 specimen
1186 4326 1329 4380 factorum
1344 4324 1491 4380 transmit·

203 4417 296 4471 tetur:
315 4431 388 4484 quae
407 4413 520 4483 quidem
539 4415 692 4470 auctoritas
710 4414 739 4470 in
759 4415 941 4486 responsione
959 4431 1073 4470 normas
1091 4414 1218 4484 superius
1233 4413 1377 4484 expositas
1392 4414 1488 4469 obser·

205 4503 293 4559 rabit.
313 4503 343 4558 Si
361 4503 520 4559 indicentur
538 4507 634 4570 metes,
656 4504 704 4572 qui
722 4503 757 4559 de
776 4505 862 4560 factis
881 4505 927 4560 vel
946 4503 1166 4559 circumstantiis
1186 4503 1222 4558 ad
1240 4503 1373 4560 meritum
1387 4519 1491 4558 causae

205 4592 392 4648 substantiale
410 4591 605 4662 spectantibus
624 4593 818 4664 interrogandi
837 4597 939 4660 essent,
958 4609 1010 4648 nec
1029 4592 1185 4648 examinari
1204 4591 1324 4662 possint,
1349 4591 1393 4646 vel
1424 4591 1492 4660 quia

207 4681 351 4737 nonlicet
371 4681 522 4738 autdecet
543 4699 591 4738 eos
612 4681 699 4738 citare
718 4682 748 4737 in
768 4682 911 4749 iudicium,
939 4681 986 4737 vel
1012 4680 1080 4750 qnia
1106 4679 1200 4750 rogati
1229 4681 1330 4736 adesse
1362 4683 1494 4736 recusent

208 4787 321 4828 necesse
340 4775 384 4828 est
401 4771 431 4827 id
449 4772 480 4827 in
499 4771 571 4828 actis
587 4787 811 4838 commemorare,
825 4789 976 4842 eorumque
989 4770 1140 4827 deficentia
1160 4769 1309 4840 suppletur
1322 4768 1492 4826 testimoniis

207 4860 336 4928 aliorum,
356 4861 405 4931 qui
423 4861 469 4917 vel
488 4861 523 4916 de
542 4853 632 4918 relato
652 4861 698 4917 rel
717 4861 800 4918 aliter
817 4879 877 4918 rem
895 4863 930 4917 de
948 4879 1005 4931 qua
1023 4861 1169 4931 quaeritur
1191 4858 1331 4916 noverint.
