3906 5690
799 549 938 602 ...11-

231 749 310 792 unus
333 727 367 792 iu
390 727 451 792 hac
475 725 630 792 electione
655 727 847 807 dissenserit,
872 733 974 794 cessat
996 728 1214 813 inspirationis
1230 729 1456 814 praesumpti0,
1474 733 1506 794 et

230 851 344 917 electio
367 851 461 916 irrita
484 852 630 918 habetur.
656 851 759 918 Annis
781 853 814 918 in
838 853 892 918 cit.
917 853 993 938 Cap.
1020 854 1103 936 Quin
1120 859 1228 936 propt.
1254 853 1344 918 4211.
1362 857 1386 918 t.
1405 853 1463 938 (1).

319 977 488 1043 Praeterea
511 979 537 1044 si
562 979 707 1044 adhunc
731 978 919 1044 electionem
943 982 1100 1045 tractatus
1124 979 1207 1044 forte
1231 984 1264 1044 et
1288 979 1509 1045 conventicula

231 1105 315 1168 inter
338 1103 491 1168 electores
514 1108 604 1168 extra
628 1103 815 1188 Capitulum
839 1105 1076 1190 praecesserint,
1101 1103 1150 1169 vel
1167 1105 1193 1169 si
1210 1109 1334 1170 constet
1349 1127 1402 1170 eos
1419 1129 1510 1190 prece

231 1229 282 1294 vel
305 1227 409 1313 pretio
433 1227 579 1294 seductos
613 1229 818 1308 consensisse,
851 1229 958 1314 potius
990 1229 1193 1314 conspiratio,
1221 1251 1316 1314 quam
1343 1230 1510 1316 inspiratio

231 1355 363 1420 iudicari
387 1354 492 1434 debet,
516 1355 667 1439 omnique
691 1377 819 1440 prorsus
843 1356 873 1420 vi
899 1355 1094 1422 destituitur.

322 1479 364 1546 Il.
391 1517 430 1527 --
456 1479 677 1547 Usitatissima
704 1481 842 1567 eligendi
870 1481 953 1546 ratio
984 1485 1032 1547 est
1055 1503 1112 1567 per
1134 1482 1332 1560 scrutinium,
1357 1482 1395 1546 de
1423 1483 1511 1546 cuius

232 1607 336 1672 forma
362 1606 450 1694 leges
475 1607 708 1690 praefiniuntur
730 1607 764 1672 in
788 1607 865 1691 Cap.
891 1609 932 1672 42
962 1607 995 1672 h.
1019 1611 1043 1672 t.
1068 1606 1179 1672 Placet
1206 1607 1244 1672 de
1275 1607 1410 1694 singulis
1444 1607 1510 1674 eius

233 1731 356 1796 actibus
380 1729 572 1817 singillatim
596 1731 752 1814 quaedam
776 1731 955 1796 admonere.
980 1731 1088 1816 Atque
1112 1753 1220 1797 eorum
1244 1733 1371 1816 quidem
1390 1731 1511 1817 primus

232 1860 340 1922 estut
363 1855 687 1922 constituanturtres
711 1879 728 1921 e
753 1855 898 1942 Collegio
925 1857 988 1921 fide
1012 1858 1111 1944 digni,
1136 1857 1190 1942 qui
1213 1857 1412 1944 singulorum
1435 1861 1512 1922 vota

234 1985 355 2047 secreto
379 1981 545 2067 colligant,
569 1987 602 2046 et
625 1981 747 2066 scripto
772 1981 900 2046 redacta
923 2003 998 2047 mox
1014 1981 1188 2066 publicent,
1205 1983 1259 2066 qui
1282 1983 1399 2048 idcirco
1423 2004 1510 2048 scru-

237 2111 357 2172 tatores
373 2107 535 2186 dicuntum
552 2129 589 2173 ac
605 2107 731 2172 demum
748 2107 986 2192 comparatione
1009 2111 1157 2172 votorum
1173 2108 1333 2188 instituta,
1349 2108 1377 2174 is
1393 2107 1512 2174 electus

236 2237 410 2314 censeatur,
442 2234 475 2298 in
506 2255 600 2318 quem
630 2233 741 2312 maior,
773 2255 853 2318 quae
883 2234 1096 2318 praesumitur
1126 2233 1243 2312 sanior,
1273 2255 1347 2318 pars
1371 2233 1509 2318 Capituli

233 2359 436 2425 consenserit.
462 2359 540 2443 Cap.
565 2361 607 2424 42
631 2358 664 2424 h.
688 2361 712 2424 t.
737 2357 828 2435 Quod
844 2361 1022 2424 scrutantes
1037 2359 1103 2424 sint
1118 2363 1182 2425 tres
1197 2381 1340 2439 numcr0,
1357 2363 1418 2424 ete
1435 2358 1510 2424 Col-

232 2483 318 2570 legio
343 2483 514 2571 eligantur,
539 2483 580 2548 de·
600 2483 864 2549 substantialibus
887 2483 1052 2549 electionis
1081 2505 1145 2548 non
1176 2489 1338 2563 censetur;
1363 2507 1460 2569 quare
1485 2485 1513 2549 si

233 2613 361 2694 recepta
383 2607 448 2674 iam
472 2611 667 2676 consuetudo
691 2609 742 2674 vel
766 2610 911 2694 paucitas
939 2609 1113 2675 electorum
1136 2609 1269 2676 suadeat
1291 2609 1408 2695 plures,
1431 2632 1512 2695 pau·

235 2735 375 2800 cioresve
399 2734 498 2798 etiam
521 2737 611 2798 extra
635 2733 815 2818 Collegium
839 2755 1008 2812 assumere,
1032 2734 1064 2798 id
1086 2735 1155 2798 fieri
1182 2735 1312 2818 poterit,
1341 2735 1512 2799 dummodo

234 2859 340 2925 idonei
365 2858 423 2924 risi
445 2858 520 2938 sint,
544 2863 577 2924 ct
600 2859 760 2924 communi
785 2879 938 2924 consensu
961 2858 1146 2943 probentur.

322 2983 436 3068 Itaque
451 2986 645 3049 scrutatores
661 2981 860 3069 singulorum
883 2983 1037 3069 suffragia
1059 2987 1181 3048 secreto
1205 2983 1322 3048 debent
1344 2983 1512 3068 inquirere,

234 3109 343 3176 ordine
367 3113 399 3175 et
422 3109 624 3196 singillatim,
649 3110 717 3175 sive
741 3131 778 3174 ea
802 3113 950 3175 oretenus
973 3113 1006 3174 et
1028 3107 1185 3174 submissa
1202 3131 1278 3175 voce
1294 3109 1512 3188 enuncientur,

234 3235 300 3302 sire
323 3237 357 3300 in
379 3235 538 3302 schedulis
562 3239 693 3300 exarata
720 3235 795 3314 sint,
828 3239 861 3298 et
888 3239 956 3300 tam
984 3233 1168 3314 electorum,
1199 3255 1295 3318 quam
1323 3234 1513 3320 eligentium

234 3361 365 3425 nomina
389 3361 578 3437 describere3
602 3360 695 3424 iuxta
718 3359 822 3424 Eunus
841 3359 897 3424 lib.
918 3361 946 3438 1,
962 3359 1015 3424 tit.
1034 3361 1063 3438 6,
1080 3381 1111 3424 n.
1136 3360 1189 3424 35.
1214 3358 1414 3425 Scrutatorcs
1438 3381 1512 3425 vero

236 3479 299 3561 ipsi
322 3501 380 3543 sua
401 3483 478 3546 vota
499 3484 583 3546 ferre
599 3483 734 3560 debent;
753 3487 786 3548 et
801 3483 957 3567 siquidem
972 3505 1029 3568 per
1044 3483 1210 3548 schedulas
1227 3487 1303 3548 vota
1319 3485 1389 3566 ipsa
1405 3485 1512 3562 edunt,

237 3601 319 3668 nihil
342 3601 475 3668 interest
497 3606 601 3687 primo
626 3627 666 3668 an
691 3609 852 3688 postremo
875 3607 945 3669 loco
969 3607 1123 3689 suffragia
1146 3629 1204 3668 sua
1219 3607 1253 3668 in
1269 3627 1382 3667 sarnam
1405 3607 1515 3668 demit·

237 3731 327 3806 tant;
351 3728 376 3792 si
402 3749 475 3793 vero
499 3727 574 3792 viva
596 3747 673 3792 voce
696 3727 730 3791 id
752 3727 820 3806 liat,
844 3749 883 3792 ue
906 3728 939 3791 in
963 3749 1070 3792 eorum
1096 3727 1139 3792 sit
1162 3729 1323 3811 potestate
1344 3726 1427 3790 votis
1450 3726 1515 3790 suis

236 3854 301 3919 vim
324 3823 487 3918 electioni}
510 3851 645 3933 elevare,
669 3853 790 3937 primus
814 3855 974 3918 scrutator
997 3855 1072 3917 ante
1095 3852 1202 3917 omniu
1226 3849 1422 3938 collegarum
1438 3855 1515 3916 vota

236 3979 364 4063 excipit,
387 3979 474 4062 iique
496 3977 645 4064 deinceps
676 4001 695 4044 a
727 3978 843 4064 primo,
872 3977 1005 4044 subinde
1038 3978 1077 4044 ad
1100 3977 1296 4062 reliquorum
1319 3976 1514 4062 exquirenda

236 4109 312 4170 vota
335 4104 594 4190 progrediuntur.

326 4229 462 4296 Cautum
485 4234 593 4295 tamen
618 4229 653 4294 in
675 4231 742 4295 inre
766 4236 825 4310 est,
860 4234 937 4295 vota
960 4251 1040 4314 pura
1063 4233 1096 4294 et
1119 4227 1266 4332 absoluta
1290 4249 1357 4293 esse
1381 4227 1513 4306 debere;

309 4495 348 4563 (ll
366 4497 410 4552 An
440 4497 605 4552 electionem
634 4497 725 4553 maior
752 4498 904 4554 electorum
931 4515 997 4568 pars
1025 4497 1160 4552 interesse
1188 4497 1280 4551 debet.
1310 4495 1389 4562 Quod
1417 4495 1441 4550 si
1469 4513 1515 4564 po·

237 4591 385 4656 steaquam
404 4586 587 4642 convenerint
606 4587 695 4655 aliqui
713 4590 815 4642 exeant
833 4604 849 4642 c
868 4586 998 4657 Capitulo
1014 4587 1060 4642 vel
1074 4585 1128 4641 etsi
1147 4587 1289 4651 maneant,
1308 4583 1401 4639 nolint
1419 4587 1516 4640 tamen

121 4661 130 4712 ἶ
238 4674 403 4746 suffragium
421 4675 496 4740 dare,
516 4676 657 4730 contemni
676 4693 693 4730 a
712 4675 811 4731 ceteris
822 4675 935 4746 impune
948 4679 1074 4746 possunt,
1086 4674 1235 4730 dummodo
1250 4674 1387 4730 minorem
1407 4675 1515 4742 partem

238 4765 280 4818 illi
299 4764 490 4828 constituant;
509 4763 565 4820 imo
585 4763 672 4820 etiam
690 4763 714 4820 si
733 4764 875 4831 maiorem,
889 4783 952 4820 cum
965 4765 1100 4821 terminus
1114 4763 1150 4819 ad
1169 4763 1333 4820 electionem
1354 4761 1515 4820 faciendam

137 4848 157 4931 ’ᾗ
238 4871 255 4908 a
274 4853 333 4910 iure
351 4853 540 4923 praescriptus
559 4853 655 4910 instet.
674 4854 880 4910 Rsrrssssrnsn
898 4873 926 4910 n.
946 4855 1007 4910 200.
