<?xml version="1.0" encoding="UTF-8"?>
<!DOCTYPE html PUBLIC "-//W3C//DTD XHTML 1.0 Transitional//EN"
    "http://www.w3.org/TR/xhtml1/DTD/xhtml1-transitional.dtd">
<html xmlns="http://www.w3.org/1999/xhtml" xml:lang="en" lang="en">
 <head>
  <title>
</title>
<meta http-equiv="Content-Type" content="text/html;charset=utf-8" />
  <meta name='ocr-system' content='tesseract 3.04.00' />
  <meta name='ocr-capabilities' content='ocr_page ocr_carea ocr_par ocr_line ocrx_word'/>
</head>
<body>
  <div class='ocr_page' id='page_1' title='image "apparatusjurise00zitegoog_0091.png"; bbox 0 0 3872 5694; ppageno 0'>
   <div class='ocr_carea' id='block_1_1' title="bbox 454 657 1750 2878">
    <p class='ocr_par' dir='ltr' id='par_1_1' title="bbox 454 657 1750 2878">
     <span class='ocr_line' id='line_1_1' title="bbox 454 657 1739 751; baseline -0.004 -20"><span class='ocrx_word' id='word_1_1' title='bbox 454 687 579 751; x_wconf 90' lang='lat' dir='ltr'>scopus,</span> <span class='ocrx_word' id='word_1_2' title='bbox 603 665 810 751; x_wconf 88' lang='lat' dir='ltr'>interrogatis</span> <span class='ocrx_word' id='word_1_3' title='bbox 833 686 872 728; x_wconf 88' lang='lat' dir='ltr'>ea</span> <span class='ocrx_word' id='word_1_4' title='bbox 894 664 933 729; x_wconf 92' lang='lat' dir='ltr'>de</span> <span class='ocrx_word' id='word_1_5' title='bbox 956 685 991 728; x_wconf 89' lang='lat' dir='ltr'>re</span> <span class='ocrx_word' id='word_1_6' title='bbox 1013 662 1150 729; x_wconf 86' lang='lat' dir='ltr'>Vicariis</span> <span class='ocrx_word' id='word_1_7' title='bbox 1180 660 1330 740; x_wconf 87' lang='lat' dir='ltr'>foraneis,</span> <span class='ocrx_word' id='word_1_8' title='bbox 1353 657 1517 740; x_wconf 86' lang='lat' dir='ltr'>Parochis,</span> <span class='ocrx_word' id='word_1_9' title='bbox 1546 657 1739 726; x_wconf 87' lang='lat' dir='ltr'>Monialium</span> 
     </span>
     <span class='ocr_line' id='line_1_2' title="bbox 455 783 1740 875; baseline -0.006 -18"><span class='ocrx_word' id='word_1_10' title='bbox 455 791 666 870; x_wconf 88' lang='lat' dir='ltr'>confessariis,</span> <span class='ocrx_word' id='word_1_11' title='bbox 691 789 825 875; x_wconf 88' lang='lat' dir='ltr'>aliisque</span> <span class='ocrx_word' id='word_1_12' title='bbox 847 789 956 874; x_wconf 86' lang='lat' dir='ltr'>probis</span> <span class='ocrx_word' id='word_1_13' title='bbox 979 791 1013 853; x_wconf 89' lang='lat' dir='ltr'>et</span> <span class='ocrx_word' id='word_1_14' title='bbox 1035 785 1244 872; x_wconf 72' lang='lat' dir='ltr'>prudentibus</span> <span class='ocrx_word' id='word_1_15' title='bbox 1267 786 1354 866; x_wconf 80' lang='lat' dir='ltr'>uiris,</span> <span class='ocrx_word' id='word_1_16' title='bbox 1371 785 1538 851; x_wconf 73' lang='lat' dir='ltr'>inolevisse</span> <span class='ocrx_word' id='word_1_17' title='bbox 1555 785 1588 849; x_wconf 92' lang='lat' dir='ltr'>in</span> <span class='ocrx_word' id='word_1_18' title='bbox 1603 783 1740 850; x_wconf 90' lang='lat' dir='ltr'>dioecesi</span> 
     </span>
     <span class='ocr_line' id='line_1_3' title="bbox 455 907 1739 1000; baseline -0.006 -18"><span class='ocrx_word' id='word_1_19' title='bbox 455 915 700 1000; x_wconf 89' lang='lat' dir='ltr'>deprehenderit</span> <span class='ocrx_word' id='word_1_20' title='bbox 722 909 812 980; x_wconf 87' lang='lat' dir='ltr'>Idem</span> <span class='ocrx_word' id='word_1_21' title='bbox 826 913 899 980; x_wconf 88' lang='lat' dir='ltr'><strong>Lib.</strong></span> <span class='ocrx_word' id='word_1_22' title='bbox 925 914 955 992; x_wconf 84' lang='lat'>6,</span> <span class='ocrx_word' id='word_1_23' title='bbox 972 913 1007 979; x_wconf 82' lang='lat' dir='ltr'>G.</span> <span class='ocrx_word' id='word_1_24' title='bbox 1035 913 1064 976; x_wconf 92' lang='lat'>1.</span> <span class='ocrx_word' id='word_1_25' title='bbox 1089 907 1123 996; x_wconf 81' lang='lat'>2)</span> <span class='ocrx_word' id='word_1_26' title='bbox 1147 910 1324 996; x_wconf 86' lang='lat' dir='ltr'>Deputatio</span> <span class='ocrx_word' id='word_1_27' title='bbox 1347 909 1569 978; x_wconf 86' lang='lat' dir='ltr'>Ministrorum</span> <span class='ocrx_word' id='word_1_28' title='bbox 1592 907 1739 987; x_wconf 77' lang='lat' dir='ltr'>Concilii,</span> 
     </span>
     <span class='ocr_line' id='line_1_4' title="bbox 457 1034 1741 1126; baseline -0.005 -19"><span class='ocrx_word' id='word_1_29' title='bbox 457 1042 512 1126; x_wconf 93' lang='lat' dir='ltr'>qui</span> <span class='ocrx_word' id='word_1_30' title='bbox 535 1046 628 1106; x_wconf 90' lang='lat' dir='ltr'>sunt:</span> <span class='ocrx_word' id='word_1_31' title='bbox 653 1039 839 1105; x_wconf 77' lang='lat' dir='ltr'><strong>Praefectus</strong></span> <span class='ocrx_word' id='word_1_32' title='bbox 861 1038 1086 1123; x_wconf 73' lang='lat' dir='ltr'>hospitiorum,</span> <span class='ocrx_word' id='word_1_33' title='bbox 1110 1038 1165 1122; x_wconf 91' lang='lat' dir='ltr'>qui</span> <span class='ocrx_word' id='word_1_34' title='bbox 1188 1037 1310 1104; x_wconf 85' lang='lat' dir='ltr'>clericis</span> <span class='ocrx_word' id='word_1_35' title='bbox 1332 1035 1575 1122; x_wconf 78' lang='lat' dir='ltr'>advenientibus</span> <span class='ocrx_word' id='word_1_36' title='bbox 1604 1034 1741 1100; x_wconf 87' lang='lat' dir='ltr'>honesta</span> 
     </span>
     <span class='ocr_line' id='line_1_5' title="bbox 457 1159 1741 1251; baseline -0.006 -19"><span class='ocrx_word' id='word_1_37' title='bbox 457 1167 600 1251; x_wconf 89' lang='lat' dir='ltr'>hospitia</span> <span class='ocrx_word' id='word_1_38' title='bbox 623 1169 730 1250; x_wconf 89' lang='lat' dir='ltr'>paret;</span> <span class='ocrx_word' id='word_1_39' title='bbox 765 1164 937 1230; x_wconf 78' lang='lat' dir='ltr'>Promotou</span> <span class='ocrx_word' id='word_1_40' title='bbox 959 1161 1090 1250; x_wconf 83' lang='lat' dir='ltr'>Synodi,</span> <span class='ocrx_word' id='word_1_41' title='bbox 1121 1162 1177 1247; x_wconf 91' lang='lat' dir='ltr'>qui</span> <span class='ocrx_word' id='word_1_42' title='bbox 1206 1161 1351 1228; x_wconf 73' lang='lat' dir='ltr'>celeriter</span> <span class='ocrx_word' id='word_1_43' title='bbox 1381 1183 1418 1226; x_wconf 91' lang='lat' dir='ltr'>ac</span> <span class='ocrx_word' id='word_1_44' title='bbox 1447 1159 1610 1226; x_wconf 77' lang='lat' dir='ltr'>fructuose</span> <span class='ocrx_word' id='word_1_45' title='bbox 1633 1160 1741 1226; x_wconf 90' lang='lat' dir='ltr'>omnia</span> 
     </span>
     <span class='ocr_line' id='line_1_6' title="bbox 458 1285 1742 1377; baseline -0.005 -21"><span class='ocrx_word' id='word_1_46' title='bbox 458 1290 651 1377; x_wconf 87' lang='lat' dir='ltr'>perficienda</span> <span class='ocrx_word' id='word_1_47' title='bbox 683 1293 791 1368; x_wconf 85' lang='lat' dir='ltr'>curct;</span> <span class='ocrx_word' id='word_1_48' title='bbox 821 1287 1027 1368; x_wconf 85' lang='lat' dir='ltr'>Secretarius,</span> <span class='ocrx_word' id='word_1_49' title='bbox 1059 1288 1114 1372; x_wconf 93' lang='lat' dir='ltr'>qui</span> <span class='ocrx_word' id='word_1_50' title='bbox 1146 1287 1273 1353; x_wconf 89' lang='lat' dir='ltr'>futurae</span> <span class='ocrx_word' id='word_1_51' title='bbox 1303 1287 1450 1352; x_wconf 83' lang='lat' dir='ltr'>sessionis</span> <span class='ocrx_word' id='word_1_52' title='bbox 1480 1286 1621 1354; x_wconf 89' lang='lat' dir='ltr'>edictum</span> <span class='ocrx_word' id='word_1_53' title='bbox 1652 1285 1742 1372; x_wconf 89' lang='lat' dir='ltr'>affigi</span> 
     </span>
     <span class='ocr_line' id='line_1_7' title="bbox 459 1411 1743 1499; baseline -0.002 -18"><span class='ocrx_word' id='word_1_54' title='bbox 459 1421 559 1496; x_wconf 89' lang='lat' dir='ltr'>curet,</span> <span class='ocrx_word' id='word_1_55' title='bbox 584 1414 760 1482; x_wconf 74' lang='lat' dir='ltr'>canonicos</span> <span class='ocrx_word' id='word_1_56' title='bbox 784 1413 984 1480; x_wconf 78' lang='lat' dir='ltr'>cathedralis</span> <span class='ocrx_word' id='word_1_57' title='bbox 1008 1417 1041 1478; x_wconf 95' lang='lat' dir='ltr'>et</span> <span class='ocrx_word' id='word_1_58' title='bbox 1064 1413 1278 1499; x_wconf 80' lang='lat' dir='ltr'>insigniorum</span> <span class='ocrx_word' id='word_1_59' title='bbox 1301 1411 1554 1498; x_wconf 73' lang='lat' dir='ltr'>collegiatarum</span> <span class='ocrx_word' id='word_1_60' title='bbox 1577 1415 1652 1476; x_wconf 89' lang='lat' dir='ltr'>ante</span> <span class='ocrx_word' id='word_1_61' title='bbox 1675 1413 1743 1497; x_wconf 88' lang='lat' dir='ltr'>pri·</span> 
     </span>
     <span class='ocr_line' id='line_1_8' title="bbox 459 1537 1743 1622; baseline -0.001 -17"><span class='ocrx_word' id='word_1_62' title='bbox 459 1561 547 1606; x_wconf 89' lang='lat' dir='ltr'>mam</span> <span class='ocrx_word' id='word_1_63' title='bbox 578 1538 750 1605; x_wconf 84' lang='lat' dir='ltr'>sessionem</span> <span class='ocrx_word' id='word_1_64' title='bbox 781 1538 973 1604; x_wconf 89' lang='lat' dir='ltr'>nominatim</span> <span class='ocrx_word' id='word_1_65' title='bbox 1004 1559 1060 1622; x_wconf 91' lang='lat' dir='ltr'>per</span> <span class='ocrx_word' id='word_1_66' title='bbox 1082 1559 1115 1604; x_wconf 91' lang='lat' dir='ltr'>se</span> <span class='ocrx_word' id='word_1_67' title='bbox 1142 1541 1246 1615; x_wconf 83' lang='lat' dir='ltr'>vocet,</span> <span class='ocrx_word' id='word_1_68' title='bbox 1275 1537 1441 1602; x_wconf 88' lang='lat' dir='ltr'>inferiores</span> <span class='ocrx_word' id='word_1_69' title='bbox 1474 1541 1582 1602; x_wconf 91' lang='lat' dir='ltr'>autem</span> <span class='ocrx_word' id='word_1_70' title='bbox 1612 1537 1743 1604; x_wconf 86' lang='lat' dir='ltr'>clericos</span> 
     </span>
     <span class='ocr_line' id='line_1_9' title="bbox 459 1661 1743 1750; baseline -0.001 -21"><span class='ocrx_word' id='word_1_71' title='bbox 459 1687 517 1750; x_wconf 91' lang='lat' dir='ltr'>per</span> <span class='ocrx_word' id='word_1_72' title='bbox 539 1665 670 1742; x_wconf 90' lang='lat' dir='ltr'>socium,</span> <span class='ocrx_word' id='word_1_73' title='bbox 700 1662 867 1730; x_wconf 86' lang='lat' dir='ltr'>schedulas</span> <span class='ocrx_word' id='word_1_74' title='bbox 897 1685 956 1747; x_wconf 91' lang='lat' dir='ltr'>pro</span> <span class='ocrx_word' id='word_1_75' title='bbox 979 1661 1133 1728; x_wconf 88' lang='lat' dir='ltr'>scrutinio</span> <span class='ocrx_word' id='word_1_76' title='bbox 1165 1683 1221 1727; x_wconf 91' lang='lat' dir='ltr'>seu</span> <span class='ocrx_word' id='word_1_77' title='bbox 1255 1661 1441 1728; x_wconf 87' lang='lat' dir='ltr'>clericorum</span> <span class='ocrx_word' id='word_1_78' title='bbox 1464 1663 1609 1728; x_wconf 87' lang='lat' dir='ltr'>examine</span> <span class='ocrx_word' id='word_1_79' title='bbox 1641 1667 1743 1748; x_wconf 82' lang='lat' dir='ltr'>paret,</span> 
     </span>
     <span class='ocr_line' id='line_1_10' title="bbox 460 1785 1743 1874; baseline 0 -20"><span class='ocrx_word' id='word_1_80' title='bbox 460 1790 596 1874; x_wconf 90' lang='lat' dir='ltr'>deniquo</span> <span class='ocrx_word' id='word_1_81' title='bbox 618 1793 654 1854; x_wconf 88' lang='lat' dir='ltr'>ut</span> <span class='ocrx_word' id='word_1_82' title='bbox 678 1789 788 1854; x_wconf 90' lang='lat' dir='ltr'>ordine</span> <span class='ocrx_word' id='word_1_83' title='bbox 811 1789 919 1853; x_wconf 88' lang='lat' dir='ltr'>omnia</span> <span class='ocrx_word' id='word_1_84' title='bbox 942 1788 1031 1868; x_wconf 90' lang='lat' dir='ltr'>fiant,</span> <span class='ocrx_word' id='word_1_85' title='bbox 1055 1788 1201 1866; x_wconf 88' lang='lat' dir='ltr'>studeat;</span> <span class='ocrx_word' id='word_1_86' title='bbox 1225 1785 1337 1854; x_wconf 81' lang='lat' dir='ltr'>Sosius</span> <span class='ocrx_word' id='word_1_87' title='bbox 1359 1786 1529 1854; x_wconf 84' lang='lat' dir='ltr'>Secretarii</span> <span class='ocrx_word' id='word_1_88' title='bbox 1552 1810 1609 1854; x_wconf 87' lang='lat' dir='ltr'>seu</span> <span class='ocrx_word' id='word_1_89' title='bbox 1631 1788 1743 1869; x_wconf 90' lang='lat' dir='ltr'>lector,</span> 
     </span>
     <span class='ocr_line' id='line_1_11' title="bbox 462 1909 1745 1998; baseline -0.002 -18"><span class='ocrx_word' id='word_1_90' title='bbox 462 1909 518 1998; x_wconf 82' lang='lat' dir='ltr'>qui</span> <span class='ocrx_word' id='word_1_91' title='bbox 548 1911 669 1998; x_wconf 83' lang='lat' dir='ltr'>Synodi</span> <span class='ocrx_word' id='word_1_92' title='bbox 692 1913 819 1978; x_wconf 88' lang='lat' dir='ltr'>decreta</span> <span class='ocrx_word' id='word_1_93' title='bbox 851 1913 919 1978; x_wconf 88' lang='lat' dir='ltr'>alta</span> <span class='ocrx_word' id='word_1_94' title='bbox 952 1935 1029 1978; x_wconf 88' lang='lat' dir='ltr'>voce</span> <span class='ocrx_word' id='word_1_95' title='bbox 1051 1912 1160 1998; x_wconf 83' lang='lat' dir='ltr'>legat;</span> <span class='ocrx_word' id='word_1_96' title='bbox 1192 1910 1358 1992; x_wconf 85' lang='lat' dir='ltr'>Notarius,</span> <span class='ocrx_word' id='word_1_97' title='bbox 1389 1913 1445 1997; x_wconf 89' lang='lat' dir='ltr'>qui</span> <span class='ocrx_word' id='word_1_98' title='bbox 1467 1914 1615 1980; x_wconf 80' lang='lat' dir='ltr'>absentes</span> <span class='ocrx_word' id='word_1_99' title='bbox 1642 1917 1745 1992; x_wconf 90' lang='lat' dir='ltr'>notet,</span> 
     </span>
     <span class='ocr_line' id='line_1_12' title="bbox 461 2038 1746 2123; baseline 0.002 -19"><span class='ocrx_word' id='word_1_100' title='bbox 461 2059 571 2106; x_wconf 89' lang='lat' dir='ltr'>eorum</span> <span class='ocrx_word' id='word_1_101' title='bbox 594 2039 735 2120; x_wconf 89' lang='lat' dir='ltr'>nomina,</span> <span class='ocrx_word' id='word_1_102' title='bbox 760 2039 814 2123; x_wconf 92' lang='lat' dir='ltr'>qui</span> <span class='ocrx_word' id='word_1_103' title='bbox 831 2039 905 2104; x_wconf 88' lang='lat' dir='ltr'>fidei</span> <span class='ocrx_word' id='word_1_104' title='bbox 928 2039 1158 2123; x_wconf 85' lang='lat' dir='ltr'>professionem</span> <span class='ocrx_word' id='word_1_105' title='bbox 1180 2038 1344 2118; x_wconf 90' lang='lat' dir='ltr'>emittunt,</span> <span class='ocrx_word' id='word_1_106' title='bbox 1368 2039 1488 2105; x_wconf 90' lang='lat' dir='ltr'>scribat</span> <span class='ocrx_word' id='word_1_107' title='bbox 1509 2041 1544 2105; x_wconf 90' lang='lat' dir='ltr'>in</span> <span class='ocrx_word' id='word_1_108' title='bbox 1560 2041 1623 2104; x_wconf 88' lang='lat' dir='ltr'>fine</span> <span class='ocrx_word' id='word_1_109' title='bbox 1638 2039 1746 2106; x_wconf 89' lang='lat' dir='ltr'>cuius-</span> 
     </span>
     <span class='ocr_line' id='line_1_13' title="bbox 461 2161 1746 2249; baseline 0.001 -20"><span class='ocrx_word' id='word_1_110' title='bbox 461 2163 542 2230; x_wconf 89' lang='lat' dir='ltr'>libet</span> <span class='ocrx_word' id='word_1_111' title='bbox 565 2164 713 2229; x_wconf 88' lang='lat' dir='ltr'>sessionis</span> <span class='ocrx_word' id='word_1_112' title='bbox 730 2164 770 2229; x_wconf 90' lang='lat' dir='ltr'>ad</span> <span class='ocrx_word' id='word_1_113' title='bbox 786 2163 975 2228; x_wconf 79' lang='lat' dir='ltr'>instantiam</span> <span class='ocrx_word' id='word_1_114' title='bbox 998 2163 1218 2228; x_wconf 89' lang='lat' dir='ltr'>Procuratoris</span> <span class='ocrx_word' id='word_1_115' title='bbox 1234 2161 1364 2248; x_wconf 86' lang='lat' dir='ltr'>Synodi,</span> <span class='ocrx_word' id='word_1_116' title='bbox 1388 2164 1524 2248; x_wconf 90' lang='lat' dir='ltr'>denique</span> <span class='ocrx_word' id='word_1_117' title='bbox 1540 2185 1746 2249; x_wconf 90' lang='lat' dir='ltr'>eorumquae</span> 
     </span>
     <span class='ocr_line' id='line_1_14' title="bbox 464 2286 1746 2375; baseline -0.001 -20"><span class='ocrx_word' id='word_1_118' title='bbox 464 2291 591 2356; x_wconf 87' lang='lat' dir='ltr'>decreta</span> <span class='ocrx_word' id='word_1_119' title='bbox 625 2311 663 2353; x_wconf 92' lang='lat' dir='ltr'>ac</span> <span class='ocrx_word' id='word_1_120' title='bbox 686 2292 778 2375; x_wconf 91' lang='lat' dir='ltr'>gesta</span> <span class='ocrx_word' id='word_1_121' title='bbox 801 2293 876 2353; x_wconf 91' lang='lat' dir='ltr'>sunt</span> <span class='ocrx_word' id='word_1_122' title='bbox 902 2289 1150 2354; x_wconf 85' lang='lat' dir='ltr'>instrumentum</span> <span class='ocrx_word' id='word_1_123' title='bbox 1176 2289 1338 2365; x_wconf 87' lang='lat' dir='ltr'>conficiat;</span> <span class='ocrx_word' id='word_1_124' title='bbox 1373 2286 1533 2354; x_wconf 79' lang='lat' dir='ltr'>Praefecti</span> <span class='ocrx_word' id='word_1_125' title='bbox 1561 2288 1746 2374; x_wconf 83' lang='lat' dir='ltr'>Synodales,</span> 
     </span>
     <span class='ocr_line' id='line_1_15' title="bbox 464 2411 1747 2501; baseline 0 -21"><span class='ocrx_word' id='word_1_126' title='bbox 464 2415 519 2499; x_wconf 93' lang='lat' dir='ltr'>qui</span> <span class='ocrx_word' id='word_1_127' title='bbox 553 2413 684 2480; x_wconf 89' lang='lat' dir='ltr'>clericos</span> <span class='ocrx_word' id='word_1_128' title='bbox 718 2435 828 2478; x_wconf 88' lang='lat' dir='ltr'>omnes</span> <span class='ocrx_word' id='word_1_129' title='bbox 862 2413 1051 2501; x_wconf 88' lang='lat' dir='ltr'>singulatim</span> <span class='ocrx_word' id='word_1_130' title='bbox 1086 2411 1127 2478; x_wconf 86' lang='lat' dir='ltr'>ad</span> <span class='ocrx_word' id='word_1_131' title='bbox 1149 2434 1182 2478; x_wconf 90' lang='lat' dir='ltr'>se</span> <span class='ocrx_word' id='word_1_132' title='bbox 1205 2417 1378 2494; x_wconf 88' lang='lat' dir='ltr'>accersant,</span> <span class='ocrx_word' id='word_1_133' title='bbox 1414 2435 1587 2499; x_wconf 90' lang='lat' dir='ltr'>eorumque</span> <span class='ocrx_word' id='word_1_134' title='bbox 1621 2415 1747 2480; x_wconf 85' lang='lat' dir='ltr'>vivendi</span> 
     </span>
     <span class='ocr_line' id='line_1_16' title="bbox 466 2537 1749 2624; baseline 0.005 -20"><span class='ocrx_word' id='word_1_135' title='bbox 466 2539 625 2604; x_wconf 90' lang='lat' dir='ltr'>rationem</span> <span class='ocrx_word' id='word_1_136' title='bbox 648 2539 821 2622; x_wconf 86' lang='lat' dir='ltr'>inquirant,</span> <span class='ocrx_word' id='word_1_137' title='bbox 845 2538 1047 2618; x_wconf 83' lang='lat' dir='ltr'>itascilicet,</span> <span class='ocrx_word' id='word_1_138' title='bbox 1070 2542 1108 2604; x_wconf 92' lang='lat' dir='ltr'>ut</span> <span class='ocrx_word' id='word_1_139' title='bbox 1130 2537 1266 2624; x_wconf 88' lang='lat' dir='ltr'>singulis</span> <span class='ocrx_word' id='word_1_140' title='bbox 1289 2539 1444 2605; x_wconf 89' lang='lat' dir='ltr'>eiusmodi</span> <span class='ocrx_word' id='word_1_141' title='bbox 1463 2539 1639 2608; x_wconf 76' lang='lat' dir='ltr'>Praefectis</span> <span class='ocrx_word' id='word_1_142' title='bbox 1662 2544 1749 2610; x_wconf 73' lang='lat' dir='ltr'>oens</span> 
     </span>
     <span class='ocr_line' id='line_1_17' title="bbox 465 2662 1750 2752; baseline 0.002 -22"><span class='ocrx_word' id='word_1_143' title='bbox 465 2687 539 2750; x_wconf 89' lang='lat' dir='ltr'>pars</span> <span class='ocrx_word' id='word_1_144' title='bbox 563 2663 638 2730; x_wconf 90' lang='lat' dir='ltr'>oleri</span> <span class='ocrx_word' id='word_1_145' title='bbox 661 2666 694 2730; x_wconf 92' lang='lat' dir='ltr'>in</span> <span class='ocrx_word' id='word_1_146' title='bbox 710 2663 861 2730; x_wconf 88' lang='lat' dir='ltr'>schedula</span> <span class='ocrx_word' id='word_1_147' title='bbox 883 2662 1096 2732; x_wconf 86' lang='lat' dir='ltr'>aSecretario</span> <span class='ocrx_word' id='word_1_148' title='bbox 1120 2665 1165 2729; x_wconf 92' lang='lat' dir='ltr'>eis</span> <span class='ocrx_word' id='word_1_149' title='bbox 1181 2663 1311 2744; x_wconf 87' lang='lat' dir='ltr'>tradita,</span> <span class='ocrx_word' id='word_1_150' title='bbox 1336 2665 1533 2752; x_wconf 86' lang='lat' dir='ltr'>assignetur;</span> <span class='ocrx_word' id='word_1_151' title='bbox 1557 2665 1750 2732; x_wconf 86' lang='lat' dir='ltr'>Procurator</span> 
     </span>
     <span class='ocr_line' id='line_1_18' title="bbox 466 2789 1748 2878; baseline 0.001 -22"><span class='ocrx_word' id='word_1_152' title='bbox 466 2789 561 2870; x_wconf 81' lang='lat' dir='ltr'>Cleri,</span> <span class='ocrx_word' id='word_1_153' title='bbox 579 2790 631 2875; x_wconf 91' lang='lat' dir='ltr'>qui</span> <span class='ocrx_word' id='word_1_154' title='bbox 650 2791 792 2856; x_wconf 90' lang='lat' dir='ltr'>omnium</span> <span class='ocrx_word' id='word_1_155' title='bbox 808 2790 937 2856; x_wconf 90' lang='lat' dir='ltr'>nomine</span> <span class='ocrx_word' id='word_1_156' title='bbox 950 2813 988 2856; x_wconf 87' lang='lat' dir='ltr'>ea</span> <span class='ocrx_word' id='word_1_157' title='bbox 1004 2812 1085 2874; x_wconf 90' lang='lat' dir='ltr'>quae</span> <span class='ocrx_word' id='word_1_158' title='bbox 1102 2789 1212 2857; x_wconf 81' lang='lat' dir='ltr'>Clarus</span> <span class='ocrx_word' id='word_1_159' title='bbox 1229 2795 1333 2875; x_wconf 89' lang='lat' dir='ltr'>optat,</span> <span class='ocrx_word' id='word_1_160' title='bbox 1346 2791 1387 2858; x_wconf 88' lang='lat' dir='ltr'>ad</span> <span class='ocrx_word' id='word_1_161' title='bbox 1402 2791 1598 2878; x_wconf 84' lang='lat' dir='ltr'>Episcopum</span> <span class='ocrx_word' id='word_1_162' title='bbox 1615 2792 1748 2868; x_wconf 88' lang='lat' dir='ltr'>referat;</span> 
     </span>
    </p>
   </div>
   <div class='ocr_carea' id='block_1_2' title="bbox 465 2913 1752 3129">
    <p class='ocr_par' dir='ltr' id='par_1_2' title="bbox 465 2913 1752 3129">
     <span class='ocr_line' id='line_1_19' title="bbox 465 2913 1751 2998; baseline 0.002 -18"><span class='ocrx_word' id='word_1_163' title='bbox 465 2913 588 2980; x_wconf 91' lang='lat' dir='ltr'>Iudices</span> <span class='ocrx_word' id='word_1_164' title='bbox 612 2915 833 2998; x_wconf 89' lang='lat' dir='ltr'>quaerelarnm</span> <span class='ocrx_word' id='word_1_165' title='bbox 856 2919 890 2978; x_wconf 90' lang='lat' dir='ltr'>et</span> <span class='ocrx_word' id='word_1_166' title='bbox 913 2915 1164 2992; x_wconf 84' lang='lat' dir='ltr'>excusationum,</span> <span class='ocrx_word' id='word_1_167' title='bbox 1182 2915 1237 2998; x_wconf 90' lang='lat' dir='ltr'>qui</span> <span class='ocrx_word' id='word_1_168' title='bbox 1261 2918 1492 2982; x_wconf 87' lang='lat' dir='ltr'>controversias</span> <span class='ocrx_word' id='word_1_169' title='bbox 1508 2918 1547 2982; x_wconf 92' lang='lat' dir='ltr'>de</span> <span class='ocrx_word' id='word_1_170' title='bbox 1568 2918 1678 2983; x_wconf 91' lang='lat' dir='ltr'>ordine</span> <span class='ocrx_word' id='word_1_171' title='bbox 1701 2939 1751 2983; x_wconf 89' lang='lat' dir='ltr'>se-</span> 
     </span>
     <span class='ocr_line' id='line_1_20' title="bbox 468 3037 1752 3129; baseline 0.004 -26"><span class='ocrx_word' id='word_1_172' title='bbox 468 3038 563 3103; x_wconf 92' lang='lat' dir='ltr'>dendi</span> <span class='ocrx_word' id='word_1_173' title='bbox 579 3042 774 3121; x_wconf 88' lang='lat' dir='ltr'>componant</span> <span class='ocrx_word' id='word_1_174' title='bbox 797 3041 830 3102; x_wconf 92' lang='lat' dir='ltr'>et</span> <span class='ocrx_word' id='word_1_175' title='bbox 845 3037 1065 3102; x_wconf 87' lang='lat' dir='ltr'>excusationes</span> <span class='ocrx_word' id='word_1_176' title='bbox 1087 3058 1151 3101; x_wconf 89' lang='lat' dir='ltr'>non</span> <span class='ocrx_word' id='word_1_177' title='bbox 1167 3037 1385 3129; x_wconf 82' lang='lat' dir='ltr'>accedentium</span> <span class='ocrx_word' id='word_1_178' title='bbox 1401 3039 1593 3106; x_wconf 84' lang='lat' dir='ltr'>examinent.</span> <span class='ocrx_word' id='word_1_179' title='bbox 1617 3041 1651 3124; x_wconf 85' lang='lat'>3)</span> <span class='ocrx_word' id='word_1_180' title='bbox 1672 3043 1752 3108; x_wconf 88' lang='lat' dir='ltr'>Pro·</span> 
     </span>
    </p>
   </div>
   <div class='ocr_carea' id='block_1_3' title="bbox 467 3148 1756 3751">
    <p class='ocr_par' dir='ltr' id='par_1_3' title="bbox 467 3148 1756 3751">
     <span class='ocr_line' id='line_1_21' title="bbox 467 3148 1753 3247; baseline 0.007 -23"><span class='ocrx_word' id='word_1_181' title='bbox 467 3159 563 3226; x_wconf 85' lang='lat' dir='ltr'>fessio</span> <span class='ocrx_word' id='word_1_182' title='bbox 587 3159 662 3224; x_wconf 90' lang='lat' dir='ltr'>fidei</span> <span class='ocrx_word' id='word_1_183' title='bbox 697 3183 717 3224; x_wconf 92' lang='lat' dir='ltr'>a</span> <span class='ocrx_word' id='word_1_184' title='bbox 739 3160 957 3226; x_wconf 86' lang='lat' dir='ltr'>Beneficiariis</span> <span class='ocrx_word' id='word_1_185' title='bbox 992 3148 1168 3226; x_wconf 88' lang='lat' dir='ltr'>emittenda</span> <span class='ocrx_word' id='word_1_186' title='bbox 1203 3162 1257 3244; x_wconf 86' lang='lat' dir='ltr'>qui</span> <span class='ocrx_word' id='word_1_187' title='bbox 1280 3161 1384 3244; x_wconf 91' lang='lat' dir='ltr'>prima</span> <span class='ocrx_word' id='word_1_188' title='bbox 1410 3162 1479 3226; x_wconf 84' lang='lat' dir='ltr'>vice</span> <span class='ocrx_word' id='word_1_189' title='bbox 1514 3163 1555 3226; x_wconf 90' lang='lat' dir='ltr'>ad</span> <span class='ocrx_word' id='word_1_190' title='bbox 1588 3163 1753 3247; x_wconf 84' lang='lat' dir='ltr'>Synodum</span> 
     </span>
     <span class='ocr_line' id='line_1_22' title="bbox 468 3281 1752 3363; baseline 0.005 -17"><span class='ocrx_word' id='word_1_191' title='bbox 468 3283 636 3347; x_wconf 88' lang='lat' dir='ltr'>accedunt.</span> <span class='ocrx_word' id='word_1_192' title='bbox 660 3281 694 3363; x_wconf 86' lang='grc'>4)</span> <span class='ocrx_word' id='word_1_193' title='bbox 716 3283 827 3348; x_wconf 90' lang='lat' dir='ltr'>Lectio</span> <span class='ocrx_word' id='word_1_194' title='bbox 851 3283 1052 3350; x_wconf 89' lang='lat' dir='ltr'>decretorum</span> <span class='ocrx_word' id='word_1_195' title='bbox 1075 3282 1210 3350; x_wconf 79' lang='lat' dir='ltr'>Consilii</span> <span class='ocrx_word' id='word_1_196' title='bbox 1226 3281 1404 3350; x_wconf 85' lang='lat' dir='ltr'>Tridentini</span> <span class='ocrx_word' id='word_1_197' title='bbox 1427 3284 1466 3350; x_wconf 88' lang='lat' dir='ltr'>de</span> <span class='ocrx_word' id='word_1_198' title='bbox 1481 3285 1652 3352; x_wconf 88' lang='lat' dir='ltr'>residentia</span> <span class='ocrx_word' id='word_1_199' title='bbox 1668 3285 1752 3353; x_wconf 82' lang='lat' dir='ltr'>Sese.</span> 
     </span>
     <span class='ocr_line' id='line_1_23' title="bbox 469 3405 1753 3497; baseline 0.003 -23"><span class='ocrx_word' id='word_1_200' title='bbox 469 3406 528 3487; x_wconf 88' lang='lat' dir='ltr'>VI,</span> <span class='ocrx_word' id='word_1_201' title='bbox 553 3407 629 3492; x_wconf 90' lang='lat' dir='ltr'>Cap.</span> <span class='ocrx_word' id='word_1_202' title='bbox 654 3405 670 3474; x_wconf 93' lang='grc' dir='ltr'>Ι</span> <span class='ocrx_word' id='word_1_203' title='bbox 693 3409 732 3474; x_wconf 81' lang='lat' dir='ltr'>de</span> <span class='ocrx_word' id='word_1_204' title='bbox 756 3407 915 3491; x_wconf 72' lang='lat' dir='ltr'>Resoun.;</span> <span class='ocrx_word' id='word_1_205' title='bbox 936 3413 1005 3472; x_wconf 90' lang='lat' dir='ltr'>tum</span> <span class='ocrx_word' id='word_1_206' title='bbox 1029 3409 1127 3474; x_wconf 89' lang='lat' dir='ltr'>etiam</span> <span class='ocrx_word' id='word_1_207' title='bbox 1150 3407 1349 3476; x_wconf 88' lang='lat' dir='ltr'>decretorum</span> <span class='ocrx_word' id='word_1_208' title='bbox 1376 3411 1511 3478; x_wconf 81' lang='lat' dir='ltr'>Consilii</span> <span class='ocrx_word' id='word_1_209' title='bbox 1537 3411 1753 3497; x_wconf 87' lang='lat' dir='ltr'>provincialis,</span> 
     </span>
     <span class='ocr_line' id='line_1_24' title="bbox 471 3531 1753 3624; baseline 0.002 -24"><span class='ocrx_word' id='word_1_210' title='bbox 471 3533 558 3620; x_wconf 92' lang='lat' dir='ltr'>quod</span> <span class='ocrx_word' id='word_1_211' title='bbox 580 3533 664 3599; x_wconf 87' lang='lat' dir='ltr'>forte</span> <span class='ocrx_word' id='word_1_212' title='bbox 688 3538 795 3600; x_wconf 89' lang='lat' dir='ltr'>actum</span> <span class='ocrx_word' id='word_1_213' title='bbox 819 3533 963 3618; x_wconf 84' lang='lat' dir='ltr'>proxime</span> <span class='ocrx_word' id='word_1_214' title='bbox 986 3534 1038 3600; x_wconf 88' lang='lat' dir='ltr'>sit.</span> <span class='ocrx_word' id='word_1_215' title='bbox 1063 3532 1099 3616; x_wconf 83' lang='lat' dir='ltr'>d)</span> <span class='ocrx_word' id='word_1_216' title='bbox 1117 3531 1229 3611; x_wconf 85' lang='lat' dir='ltr'>Quoad</span> <span class='ocrx_word' id='word_1_217' title='bbox 1252 3535 1395 3601; x_wconf 88' lang='lat' dir='ltr'>ordinem</span> <span class='ocrx_word' id='word_1_218' title='bbox 1417 3558 1524 3602; x_wconf 89' lang='lat' dir='ltr'>rerum</span> <span class='ocrx_word' id='word_1_219' title='bbox 1540 3538 1753 3624; x_wconf 86' lang='lat' dir='ltr'>agendarum:</span> 
     </span>
     <span class='ocr_line' id='line_1_25' title="bbox 474 3659 1756 3751; baseline 0.002 -26"><span class='ocrx_word' id='word_1_220' title='bbox 474 3659 506 3743; x_wconf 84' lang='lat'>1)</span> <span class='ocrx_word' id='word_1_221' title='bbox 530 3663 567 3726; x_wconf 91' lang='lat' dir='ltr'>ut</span> <span class='ocrx_word' id='word_1_222' title='bbox 584 3659 838 3738; x_wconf 81' lang='lat' dir='ltr'>constitutiones,</span> <span class='ocrx_word' id='word_1_223' title='bbox 856 3681 935 3744; x_wconf 85' lang='lat' dir='ltr'>quas</span> <span class='ocrx_word' id='word_1_224' title='bbox 951 3659 1130 3746; x_wconf 86' lang='lat' dir='ltr'>Episcopus</span> <span class='ocrx_word' id='word_1_225' title='bbox 1146 3659 1257 3726; x_wconf 91' lang='lat' dir='ltr'>audito</span> <span class='ocrx_word' id='word_1_226' title='bbox 1279 3661 1428 3746; x_wconf 75' lang='lat' dir='ltr'>capitulo</span> <span class='ocrx_word' id='word_1_227' title='bbox 1452 3661 1589 3748; x_wconf 89' lang='lat' dir='ltr'>scripsit,</span> <span class='ocrx_word' id='word_1_228' title='bbox 1605 3661 1756 3751; x_wconf 84' lang='lat' dir='ltr'>legantur</span> 
     </span>
    </p>
   </div>
   <div class='ocr_carea' id='block_1_4' title="bbox 472 3784 1761 4872">
    <p class='ocr_par' dir='ltr' id='par_1_4' title="bbox 472 3784 1757 4353">
     <span class='ocr_line' id='line_1_26' title="bbox 472 3784 1756 3874; baseline 0.002 -22"><span class='ocrx_word' id='word_1_229' title='bbox 472 3787 567 3871; x_wconf 87' lang='lat' dir='ltr'>idque</span> <span class='ocrx_word' id='word_1_230' title='bbox 590 3787 647 3865; x_wconf 91' lang='lat' dir='ltr'>ita,</span> <span class='ocrx_word' id='word_1_231' title='bbox 663 3789 700 3850; x_wconf 91' lang='lat' dir='ltr'>ut</span> <span class='ocrx_word' id='word_1_232' title='bbox 715 3785 851 3850; x_wconf 85' lang='lat' dir='ltr'>liberum</span> <span class='ocrx_word' id='word_1_233' title='bbox 867 3784 1028 3870; x_wconf 85' lang='lat' dir='ltr'>Episcopo</span> <span class='ocrx_word' id='word_1_234' title='bbox 1052 3787 1094 3852; x_wconf 90' lang='lat' dir='ltr'>sit</span> <span class='ocrx_word' id='word_1_235' title='bbox 1110 3809 1221 3852; x_wconf 73' lang='lat' dir='ltr'>aonam</span> <span class='ocrx_word' id='word_1_236' title='bbox 1241 3787 1296 3870; x_wconf 89' lang='lat' dir='ltr'>qui</span> <span class='ocrx_word' id='word_1_237' title='bbox 1311 3787 1427 3852; x_wconf 89' lang='lat' dir='ltr'>adsunt</span> <span class='ocrx_word' id='word_1_238' title='bbox 1442 3787 1635 3853; x_wconf 85' lang='lat' dir='ltr'>sententiam</span> <span class='ocrx_word' id='word_1_239' title='bbox 1650 3789 1756 3874; x_wconf 87' lang='lat' dir='ltr'>requi·</span> 
     </span>
     <span class='ocr_line' id='line_1_27' title="bbox 472 3907 1756 3996; baseline 0.003 -20"><span class='ocrx_word' id='word_1_240' title='bbox 472 3931 542 3976; x_wconf 85' lang='lat' dir='ltr'>rere</span> <span class='ocrx_word' id='word_1_241' title='bbox 566 3909 617 3974; x_wconf 88' lang='lat' dir='ltr'>vel</span> <span class='ocrx_word' id='word_1_242' title='bbox 639 3931 718 3987; x_wconf 82' lang='lat' dir='ltr'>n0u3</span> <span class='ocrx_word' id='word_1_243' title='bbox 743 3907 777 3992; x_wconf 85' lang='lat'>2)</span> <span class='ocrx_word' id='word_1_244' title='bbox 800 3915 837 3976; x_wconf 91' lang='lat' dir='ltr'>ut</span> <span class='ocrx_word' id='word_1_245' title='bbox 860 3915 991 3995; x_wconf 89' lang='lat' dir='ltr'>peracta</span> <span class='ocrx_word' id='word_1_246' title='bbox 1015 3933 1124 3977; x_wconf 91' lang='lat' dir='ltr'>earum</span> <span class='ocrx_word' id='word_1_247' title='bbox 1146 3911 1283 3977; x_wconf 90' lang='lat' dir='ltr'>lectione</span> <span class='ocrx_word' id='word_1_248' title='bbox 1307 3913 1402 3996; x_wconf 89' lang='lat' dir='ltr'>(quae</span> <span class='ocrx_word' id='word_1_249' title='bbox 1425 3917 1490 3978; x_wconf 88' lang='lat' dir='ltr'>tres</span> <span class='ocrx_word' id='word_1_250' title='bbox 1512 3913 1598 3978; x_wconf 90' lang='lat' dir='ltr'>intra</span> <span class='ocrx_word' id='word_1_251' title='bbox 1630 3913 1696 3980; x_wconf 82' lang='lat' dir='ltr'>dies</span> <span class='ocrx_word' id='word_1_252' title='bbox 1719 3919 1756 3979; x_wconf 92' lang='lat' dir='ltr'>ut</span> 
     </span>
     <span class='ocr_line' id='line_1_28' title="bbox 473 4033 1754 4125; baseline 0.003 -25"><span class='ocrx_word' id='word_1_253' title='bbox 473 4033 648 4119; x_wconf 88' lang='lat' dir='ltr'>plurimum</span> <span class='ocrx_word' id='word_1_254' title='bbox 664 4035 773 4119; x_wconf 89' lang='lat' dir='ltr'>perfici</span> <span class='ocrx_word' id='word_1_255' title='bbox 789 4035 896 4118; x_wconf 86' lang='lat' dir='ltr'>solet),</span> <span class='ocrx_word' id='word_1_256' title='bbox 913 4037 986 4103; x_wconf 89' lang='lat' dir='ltr'>finis</span> <span class='ocrx_word' id='word_1_257' title='bbox 1001 4035 1130 4121; x_wconf 85' lang='lat' dir='ltr'>Synodo</span> <span class='ocrx_word' id='word_1_258' title='bbox 1145 4037 1339 4122; x_wconf 88' lang='lat' dir='ltr'>imponatur,</span> <span class='ocrx_word' id='word_1_259' title='bbox 1356 4037 1521 4121; x_wconf 91' lang='lat' dir='ltr'>impertita</span> <span class='ocrx_word' id='word_1_260' title='bbox 1536 4037 1577 4103; x_wconf 93' lang='lat' dir='ltr'>ab</span> <span class='ocrx_word' id='word_1_261' title='bbox 1593 4038 1754 4125; x_wconf 88' lang='lat' dir='ltr'>Episcopo</span> 
     </span>
     <span class='ocr_line' id='line_1_29' title="bbox 476 4158 1757 4250; baseline 0.005 -27"><span class='ocrx_word' id='word_1_262' title='bbox 476 4163 546 4224; x_wconf 91' lang='lat' dir='ltr'>tum</span> <span class='ocrx_word' id='word_1_263' title='bbox 562 4158 646 4225; x_wconf 90' lang='lat' dir='ltr'>clero</span> <span class='ocrx_word' id='word_1_264' title='bbox 663 4163 732 4226; x_wconf 89' lang='lat' dir='ltr'>tum</span> <span class='ocrx_word' id='word_1_265' title='bbox 755 4161 875 4247; x_wconf 90' lang='lat' dir='ltr'>populo</span> <span class='ocrx_word' id='word_1_266' title='bbox 890 4162 1122 4243; x_wconf 88' lang='lat' dir='ltr'>benedictione,</span> <span class='ocrx_word' id='word_1_267' title='bbox 1138 4165 1172 4227; x_wconf 89' lang='lat' dir='ltr'>et</span> <span class='ocrx_word' id='word_1_268' title='bbox 1188 4161 1402 4249; x_wconf 87' lang='lat' dir='ltr'>quadraginta</span> <span class='ocrx_word' id='word_1_269' title='bbox 1417 4163 1540 4229; x_wconf 90' lang='lat' dir='ltr'>dierum</span> <span class='ocrx_word' id='word_1_270' title='bbox 1555 4162 1757 4250; x_wconf 89' lang='lat' dir='ltr'>indulgentia</span> 
     </span>
     <span class='ocr_line' id='line_1_30' title="bbox 474 4283 832 4353; baseline 0.008 -4"><span class='ocrx_word' id='word_1_271' title='bbox 474 4283 515 4349; x_wconf 92' lang='lat' dir='ltr'>ab</span> <span class='ocrx_word' id='word_1_272' title='bbox 539 4285 650 4350; x_wconf 90' lang='lat' dir='ltr'>eodem</span> <span class='ocrx_word' id='word_1_273' title='bbox 674 4307 832 4353; x_wconf 90' lang='lat' dir='ltr'>concessa.</span> 
     </span>
    </p>

    <p class='ocr_par' dir='ltr' id='par_1_5' title="bbox 476 4409 1761 4872">
     <span class='ocr_line' id='line_1_31' title="bbox 565 4409 1758 4498; baseline 0.002 -22"><span class='ocrx_word' id='word_1_274' title='bbox 565 4413 597 4476; x_wconf 81' lang='lat'>4.</span> <span class='ocrx_word' id='word_1_275' title='bbox 621 4409 783 4497; x_wconf 88' lang='lat' dir='ltr'>Superest,</span> <span class='ocrx_word' id='word_1_276' title='bbox 807 4413 892 4496; x_wconf 90' lang='lat' dir='ltr'>quod</span> <span class='ocrx_word' id='word_1_277' title='bbox 914 4417 1112 4497; x_wconf 88' lang='lat' dir='ltr'>postremum</span> <span class='ocrx_word' id='word_1_278' title='bbox 1127 4416 1187 4492; x_wconf 89' lang='lat' dir='ltr'>est,</span> <span class='ocrx_word' id='word_1_279' title='bbox 1202 4410 1489 4497; x_wconf 83' lang='lat' dir='ltr'>nimirumSynodi</span> <span class='ocrx_word' id='word_1_280' title='bbox 1508 4413 1695 4498; x_wconf 87' lang='lat' dir='ltr'>publicatio,</span> <span class='ocrx_word' id='word_1_281' title='bbox 1719 4414 1758 4480; x_wconf 89' lang='lat' dir='ltr'>de</span> 
     </span>
     <span class='ocr_line' id='line_1_32' title="bbox 476 4537 1759 4624; baseline 0.001 -20"><span class='ocrx_word' id='word_1_282' title='bbox 476 4561 540 4623; x_wconf 89' lang='lat' dir='ltr'>qua</span> <span class='ocrx_word' id='word_1_283' title='bbox 562 4537 786 4622; x_wconf 90' lang='lat' dir='ltr'>inquirendum</span> <span class='ocrx_word' id='word_1_284' title='bbox 820 4539 981 4622; x_wconf 91' lang='lat' dir='ltr'>quomodo</span> <span class='ocrx_word' id='word_1_285' title='bbox 1003 4539 1062 4603; x_wconf 90' lang='lat' dir='ltr'>fiat</span> <span class='ocrx_word' id='word_1_286' title='bbox 1085 4543 1118 4603; x_wconf 92' lang='lat' dir='ltr'>et</span> <span class='ocrx_word' id='word_1_287' title='bbox 1141 4538 1196 4623; x_wconf 87' lang='lat' dir='ltr'>qui</span> <span class='ocrx_word' id='word_1_288' title='bbox 1219 4537 1262 4603; x_wconf 90' lang='lat' dir='ltr'>sit</span> <span class='ocrx_word' id='word_1_289' title='bbox 1297 4539 1437 4604; x_wconf 90' lang='lat' dir='ltr'>eiusdem</span> <span class='ocrx_word' id='word_1_290' title='bbox 1470 4537 1612 4605; x_wconf 78' lang='lat' dir='ltr'>eftectus.</span> <span class='ocrx_word' id='word_1_291' title='bbox 1643 4539 1759 4624; x_wconf 86' lang='lat' dir='ltr'>Itaque</span> 
     </span>
     <span class='ocr_line' id='line_1_33' title="bbox 477 4661 1760 4750; baseline 0.002 -24"><span class='ocrx_word' id='word_1_292' title='bbox 477 4662 654 4745; x_wconf 88' lang='lat' dir='ltr'>publicatio</span> <span class='ocrx_word' id='word_1_293' title='bbox 682 4684 719 4728; x_wconf 92' lang='lat' dir='ltr'>eo</span> <span class='ocrx_word' id='word_1_294' title='bbox 754 4662 849 4729; x_wconf 89' lang='lat' dir='ltr'>modo</span> <span class='ocrx_word' id='word_1_295' title='bbox 883 4663 1062 4750; x_wconf 83' lang='lat' dir='ltr'>generatim</span> <span class='ocrx_word' id='word_1_296' title='bbox 1094 4661 1242 4728; x_wconf 87' lang='lat' dir='ltr'>facienda</span> <span class='ocrx_word' id='word_1_297' title='bbox 1272 4667 1337 4744; x_wconf 86' lang='lat' dir='ltr'>est,</span> <span class='ocrx_word' id='word_1_298' title='bbox 1370 4665 1425 4748; x_wconf 91' lang='lat' dir='ltr'>qui</span> <span class='ocrx_word' id='word_1_299' title='bbox 1456 4664 1615 4730; x_wconf 89' lang='lat' dir='ltr'>sufficiens</span> <span class='ocrx_word' id='word_1_300' title='bbox 1645 4665 1689 4730; x_wconf 91' lang='lat' dir='ltr'>sit</span> <span class='ocrx_word' id='word_1_301' title='bbox 1719 4663 1760 4730; x_wconf 89' lang='lat' dir='ltr'>ad</span> 
     </span>
     <span class='ocr_line' id='line_1_34' title="bbox 477 4781 1761 4872; baseline 0.005 -26"><span class='ocrx_word' id='word_1_302' title='bbox 477 4781 677 4852; x_wconf 88' lang='lat' dir='ltr'>decretorum</span> <span class='ocrx_word' id='word_1_303' title='bbox 699 4785 849 4852; x_wconf 87' lang='lat' dir='ltr'>notitiam</span> <span class='ocrx_word' id='word_1_304' title='bbox 873 4787 1066 4854; x_wconf 86' lang='lat' dir='ltr'>afferendam</span> <span class='ocrx_word' id='word_1_305' title='bbox 1090 4787 1141 4868; x_wconf 90' lang='lat' dir='ltr'>iis,</span> <span class='ocrx_word' id='word_1_306' title='bbox 1165 4809 1301 4872; x_wconf 89' lang='lat' dir='ltr'>quorum</span> <span class='ocrx_word' id='word_1_307' title='bbox 1324 4787 1472 4864; x_wconf 88' lang='lat' dir='ltr'>interest;</span> <span class='ocrx_word' id='word_1_308' title='bbox 1496 4787 1638 4871; x_wconf 88' lang='lat' dir='ltr'>adeoque</span> <span class='ocrx_word' id='word_1_309' title='bbox 1655 4787 1761 4872; x_wconf 89' lang='lat' dir='ltr'>quoad</span> 
     </span>
    </p>
   </div>
   <div class='ocr_carea' id='block_1_5' title="bbox 0 0 1971 5694">
    <p class='ocr_par' dir='ltr' id='par_1_6' title="bbox 0 0 1971 5694">
     <span class='ocr_line' id='line_1_35' title="bbox 0 0 1971 5694; baseline 0 0"><span class='ocrx_word' id='word_1_310' title='bbox 0 0 1971 5694; x_wconf 95' lang='lat' dir='ltr'> </span> 
     </span>
    </p>
   </div>
  </div>
 </body>
</html>
