3872 5694
793 523 954 578 -101—

225 709 281 774 pro
301 696 443 756 mosculis
464 697 530 756 sive
543 713 598 774 pro
612 696 742 771 feminis,
761 699 864 758 utrum
885 701 917 758 in
938 718 972 758 eo
993 699 1195 762 admittantur
1209 701 1346 760 infideles
1367 702 1416 760 vel
1437 719 1511 779 pro—

225 797 373 854 testantes
393 797 448 854 111
468 796 653 856 schismatici
673 799 704 856 et
723 798 838 873 quibus
852 799 989 858 cautelis
1003 832 1041 842 -
1057 797 1106 859 40.
1123 801 1171 858 An
1185 800 1287 858 adsint
1307 801 1340 860 in
1354 801 1513 861 vicariatu

224 893 275 952 rel
296 893 493 952 Praefectura
513 894 639 953 Scholae
660 896 872 954 Ministrorum
894 897 1135 955 Protestantium
1157 899 1206 956 vel
1226 897 1352 958 Scholae
1376 916 1512 975 paganae

225 993 257 1070 ct
277 993 380 1050 utrum
401 993 550 1051 Catholici
570 1010 622 1051 eas
643 992 845 1070 frequentent.
867 1027 904 1039 —
926 995 975 1054 41.
999 997 1047 1054 An
1068 995 1170 1054 adsint
1190 997 1456 1073 orphanotrophia,
1481 1000 1512 1055 et

223 1090 333 1166 quibus
355 1089 497 1150 subsidiis
518 1093 738 1152 sustententur.

306 1189 352 1246 De
366 1189 554 1264 quidusdam
570 1189 634 1265 piis
648 1189 805 1249 Institutas
826 1189 1053 1266 diffundendae
1066 1191 1144 1270 fidei
1157 1193 1250 1252 valde
1263 1193 1456 1268 opportunis.
1473 1225 1511 1236 -

225 1285 276 1346 42.
300 1285 412 1344 Utrum
432 1287 535 1346 adsint
554 1288 696 1364 Hospitis
708 1305 763 1364 pro
785 1288 1015 1348 Catbecumenis
1036 1289 1194 1366 utriusque
1209 1307 1297 1348 sexus
1317 1291 1349 1348 et
1366 1291 1511 1366 quomodo

224 1384 368 1443 ordinata
389 1387 460 1444 sint.
474 1419 512 1430 -
524 1385 573 1446 43.
597 1385 680 1450 Quae
701 1387 898 1464 opportunior
918 1388 997 1446 ratio
1018 1390 1178 1448 censeatur
1198 1388 1336 1447 adhiberi
1356 1405 1452 1464 posse,
1477 1393 1513 1446 ut

227 1483 470 1542 Cetechistarum
498 1484 651 1542 institutio
678 1485 776 1560 magis
804 1484 889 1544 utilis
915 1486 954 1544 ad
978 1485 1158 1544 Missionurn
1187 1485 1298 1544 bouum
1325 1487 1446 1546 evadat.
1473 1517 1511 1529 —

226 1581 276 1639 41.
300 1579 411 1641 Utrum
426 1585 560 1640 ereetum
575 1582 616 1640 sit
636 1581 758 1658 aliquod
779 1583 936 1658 Hospitale
956 1585 988 1642 et
1009 1584 1154 1659 quomodo
1173 1584 1426 1642 administrentur
1439 1584 1512 1642 red-

223 1679 308 1737 ditus
328 1697 383 1756 pro
404 1679 594 1738 infirmorum
615 1681 845 1740 sustentatione.

306 1777 354 1836 De
373 1779 472 1854 festis,
494 1779 619 1836 ieiuniis
641 1788 669 1837 et
689 1779 891 1838 abstinentiis.
909 1813 947 1822 -
968 1777 1016 1838 45.
1040 1779 1194 1844 Quaenam
1215 1778 1293 1838 festa
1314 1780 1345 1838 in
1366 1779 1511 1838 Missionc

224 1877 435 1949 observentur,
461 1879 492 1934 et
512 1893 550 1934 an
572 1877 676 1954 aliqua
695 1877 823 1934 niutatio
845 1877 901 1934 hac
922 1878 952 1934 in
974 1877 1151 1954 repetenda
1163 1878 1304 1935 videatur
1318 1877 1356 1935 ad
1370 1877 1511 1934 obtinen-

225 1975 297 2032 dam
317 1975 461 2032 maiorem
478 1973 726 2036 uniformitatem.
740 2006 779 2019 -
792 1973 840 2034 46.
857 1974 939 2038 Quae
954 1975 1075 2049 ieiunia,
1101 1976 1211 2052 quique
1232 1965 1433 2036 abstinentiae
1448 1973 1511 2032 dies

223 2075 387 2130 serventur
408 2073 473 2130 sive
494 2073 532 2130 ab
546 2071 712 2148 Europaeis
734 2073 799 2130 sire
819 2073 857 2131 ab
879 2071 1042 2147 Indigenis,
1066 2075 1150 2130 etan
1170 2072 1262 2130 etiam
1278 2073 1309 2130 in
1327 2073 1383 2130 hoc
1396 2071 1512 2147 aliquid

226 2171 446 2230 immutandum
466 2179 623 2248 appareat.

309 2269 355 2326 De
382 2268 575 2328 Cocinetcriis
596 2279 624 2327 et
646 2269 833 2344 sepulturis.
858 2303 896 2312 —
916 2268 966 2330 47.
990 2269 1102 2328 Utrum
1122 2271 1154 2328 et
1184 2285 1260 2344 quae
1282 2266 1511 2345 superstitiones

225 2367 259 2425 in
281 2365 437 2424 funeribus
458 2367 537 2443 apud
559 2367 748 2426 Christianos
769 2367 966 2427 invaluerint.
984 2400 1023 2410 —
1037 2367 1086 2426 48.
1104 2369 1152 2424 An
1172 2367 1305 2425 existant
1326 2365 1513 2425 Ooemeteria

229 2467 372 2541 separata
384 2483 439 2542 pro
454 2465 646 2537 Christianis,
661 2468 692 2522 et
707 2467 854 2541 quatenus
869 2466 1020 2540 negative,
1038 2481 1076 2523 an
1091 2465 1206 2541 aliquid
1220 2465 1258 2523 111
1273 2465 1303 2523 id
1317 2463 1511 2524 obtinendum

223 2564 340 2622 ‘tentari
361 2565 470 2642 possit3
494 2567 654 2642 praeterea
672 2583 711 2623 an
733 2565 796 2622 sint
815 2565 982 2624 benedicta.

307 2663 355 2720 De
369 2663 649 2724 &coementorum
668 2664 953 2724 administratione.
971 2697 1010 2706 —
1024 2661 1073 2722 49.
1091 2663 1288 2738 Exprimatur
1302 2679 1341 2719 an
1355 2661 1387 2718 in
1402 2660 1512 2735 Bapti-

227 2761 324 2818 smate
345 2761 584 2819 administrando
606 2763 767 2820 serventur
788 2761 889 2820 omnia
909 2761 1098 2836 praescripta
1118 2759 1251 2818 Ritualis
1272 2758 1410 2818 Romani.
1434 2757 1511 2832 Spe-

224 2858 330 2916 ciatim
351 2875 425 2916 vero
446 2876 485 2916 an
506 2859 560 2916 fiat
580 2859 683 2934 aliqua
704 2859 812 2916 divisio
833 2859 1100 2931 caeremoniarum,
1119 2859 1150 2916 et
1171 2875 1228 2932 quo
1250 2856 1391 2914 idiomate
1412 2856 1511 2915 inter-

172 3017 179 3030 ,
227 2955 401 3030 rogationes
425 2955 510 3016 fiant.
535 2989 573 3000 —
595 2956 643 3017 50.
675 2957 786 3014 Utrum
815 2973 902 3032 saepe
931 2957 1052 3032 aliquod
1079 2956 1202 3016 dubium
1230 2955 1404 3014 suboriatur
1431 2956 1512 3015 circa

225 3054 417 3129 diligentiam
438 3055 605 3113 adhibitam
631 3072 649 3112 a
670 3055 851 3113 Catachistis
872 3054 921 3112 vel
942 3053 1154 3112 obstetricibus
1176 3053 1208 3111 in
1229 3053 1418 3128 Baptismate
1438 3071 1511 3112 con-

225 3151 359 3224 ferendo,
384 3153 415 3208 et
436 3155 584 3227 quatenus
606 3152 795 3226 affirmative,
821 3153 966 3228 quomodo
987 3153 1044 3210 bec
1064 3152 1218 3210 occasione
1242 3169 1274 3208 se
1298 3153 1407 3225 gerant
1434 3151 1512 3210 Mis-

225 3251 364 3309 siouarii.
389 3283 427 3293 -
448 3249 497 3310 51.
527 3251 637 3309 Utrum
666 3251 768 3309 debita
795 3250 953 3326 diligentia
980 3251 1161 3309 adhibeatur
1188 3266 1207 3307 a
1234 3247 1445 3322 Missionariis,
1476 3267 1513 3307 ne

224 3348 374 3406 baeretici
394 3351 449 3407 aut
469 3350 653 3408 schismatici
674 3353 709 3408 ut
729 3351 844 3426 patrini
865 3350 896 3408 in
919 3352 1106 3408 sacramento
1121 3348 1271 3424 Baptismi
1292 3349 1324 3405 et
1344 3347 1513 3405 Confirma-

225 3446 321 3504 tionis
335 3446 547 3507 admittantur.
561 3481 599 3490 -
611 3447 661 3507 52.
678 3449 726 3506 An
741 3447 970 3507 Sacramentum
985 3446 1228 3506 Confirmationis
1243 3446 1327 3502 iuxta
1341 3443 1513 3518 generalem

224 3543 380 3602 Ecclesiae
405 3561 493 3603 usum
514 3545 564 3604 vel
585 3546 685 3622 potius
699 3547 872 3604 immediate
893 3547 961 3622 post
983 3545 1172 3620 Baptismum
1193 3544 1225 3600 in
1246 3543 1390 3600 Missione
1411 3539 1514 3597 confe-

226 3645 328 3701 ratur.
345 3677 384 3686 -
399 3639 702 3720 melequinos
722 3645 753 3702 in
774 3645 932 3703 Vicariatu
954 3643 1003 3700 rel
1025 3641 1221 3700 Praefectura
1241 3657 1327 3697 casus
1349 3638 1508 3708 reservati,

225 3743 332 3798 utrum
353 3741 554 3800 missionariis
572 3741 754 3802 sufficienter
775 3742 974 3800 innotescant.
998 3772 1035 3782 —
1057 3737 1106 3797 51.
1130 3739 1242 3795 Utrum
1263 3736 1365 3795 fideles
1387 3735 1513 3793 solemni

212 3841 461 3914 ¹praeparatione
488 3843 519 3898 ct
546 3858 655 3918 pompa
682 3841 720 3899 ad
747 3841 876 3917 primam
905 3837 1150 3897 Uornmunionem
1178 3835 1298 3894 admitti
1324 3833 1451 3892 soleant.
1474 3865 1512 3876 -

224 3934 280 3994 55.
296 3938 344 3994 An
365 3939 397 3996 in
418 3939 577 3998 vicariatu
592 3939 641 3998 vel
655 3938 851 3998 Praefectura
864 3937 1088 4012 promulgatum
1102 3933 1196 3994 fuerit
1213 3934 1373 3993 Decretum
1388 3929 1514 3990 Uoncilii

226 4033 315 4093 Trid.
340 4052 414 4096 sess.
437 4035 541 4096 XXIV
570 4037 702 4096 Tametsi
722 4037 803 4094 circa
824 4037 1053 4094 Sacramentum
1066 4032 1264 4100 Matrimonii.
1282 4065 1321 4074 -
1336 4029 1385 4089 56.
1401 4030 1514 4088 Utrum

223 4134 369 4191 accurate
390 4132 466 4191 fiant
487 4135 709 4192 Publicationes
730 4135 768 4192 ab
789 4134 924 4192 Ecclesia
943 4133 1148 4210 praescriptae
1169 4134 1200 4190 et
1220 4147 1258 4188 an
1280 4129 1384 4188 diebus
1408 4146 1428 4186 a
1448 4130 1514 4186 iure

224 4231 436 4307 praescriptis.
461 4265 499 4274 -
520 4231 570 4291 57.
604 4231 756 4295 Quomodo
779 4249 810 4290 se
835 4233 945 4306 gerant
971 4229 1158 4288 Missionarii
1184 4229 1216 4286 in
1241 4225 1514 4304 dispensationibus

226 4329 328 4402 quaed
355 4329 544 4390 Matrimonii
572 4329 794 4406 impedimenta,
820 4332 865 4388 et:
891 4329 998 4405 primo,
1023 4345 1063 4385 an
1083 4328 1274 4403 dispensetur
1295 4327 1326 4384 in
1348 4324 1515 4400 impedien-

224 4424 325 4484 tibus:
356 4427 494 4502 secunde,
518 4445 558 4486 au
578 4428 702 4504 plurimi
730 4431 890 4486 occurrant
909 4444 997 4486 casus
1017 4427 1196 4484 concedendi
1217 4423 1455 4501 dispensationes
1482 4422 1514 4478 in

224 4523 450 4602 dirimentibus,
475 4528 656 4604 pracsertim
677 4529 708 4586 in
730 4527 874 4604 gradibus
894 4525 1137 4603 proximioribus.
1155 4557 1193 4566 —
1207 4521 1256 4582 58.
1274 4525 1321 4580 An
1341 4523 1371 4578 in
1391 4520 1514 4594 dispen-

225 4621 397 4682 sationibus
417 4627 612 4686 concedendis
638 4627 832 4704 imponantur
857 4626 987 4684 mulctae
1013 4625 1062 4683 vel
1083 4641 1206 4701 poenae.
1230 4656 1268 4664 -
1290 4621 1339 4680 59.
1363 4617 1514 4682 Quomodo

224 4722 432 4782 concedantur
452 4725 699 4801 dispensationes
724 4743 764 4784 an
785 4725 816 4782 in
839 4723 960 4800 scriptis
981 4725 1013 4782 et
1033 4725 1136 4780 utrum
1157 4721 1345 4797 exprimatur
1365 4715 1514 4792 delegatio

223 4819 404 4896 apostoliea.
426 4854 465 4870 -ω
485 4823 536 4885 60.
559 4828 607 4885 Α1
629 4841 701 4884 usus
729 4825 993 4884 Matrimoniorum
1021 4823 1184 4882 mixtorum
1212 4818 1377 4878 invaluerit
1398 4819 1430 4876 et
1457 4835 1517 4892 qua
