3906 5690
806 583 946 636 ...35-

232 755 344 834 centis,
368 759 438 821 tum
460 756 585 821 ratione
610 757 677 822 eius
701 756 733 821 in
759 777 852 842 quern
876 759 1053 824 iurisdictio
1081 759 1152 844 ipsa
1175 763 1349 824 exercetur.
1374 757 1517 843 Uterque

232 884 341 945 autem
364 879 459 944 debet
482 901 549 946 esse
564 881 599 944 in
616 881 753 948 dioecesi
769 882 835 948 sive
851 882 989 962 realiter,
1005 883 1072 948 sive
1087 904 1145 968 per
1160 883 1325 948 fictionem
1340 883 1428 948 iuris.
1445 882 1517 948 Erit

233 1009 341 1070 autem
365 1005 543 1090 Episcopus
560 1005 647 1071 intra
665 1006 834 1072 dioecesim
850 1029 907 1092 per
921 1007 1084 1100 fictionem
1099 1008 1188 1086 iuris,
1206 1007 1333 1092 quando
1346 1007 1519 1092 impeditur

232 1151 378 1196 exercere
400 1129 657 1197 iurisdictionem
680 1153 771 1196 suam
793 1131 827 1196 in
849 1133 980 1216 propria
1007 1133 1153 1213 dioecesi,
1176 1134 1210 1198 in
1235 1155 1298 1216 quo
1323 1155 1397 1198 casu
1420 1137 1457 1198 ut
1480 1153 1518 1197 ea

233 1259 344 1320 utatur
366 1255 400 1320 in
423 1255 497 1334 alia,
521 1259 630 1340 petere
656 1256 750 1321 debet
774 1237 961 1322 consensum
985 1255 1143 1322 Ordinarii
1166 1257 1229 1324 loci
1253 1257 1293 1322 ed
1316 1279 1411 1342 quem
1442 1279 1518 1322 eon·

233 1379 330 1466 fugit.
354 1379 528 1446 Aaronem
551 1381 590 1448 de
604 1381 661 1448 loc.
679 1381 772 1466 depol.
789 1381 827 1446 L.
852 1385 883 1461 2,
907 1383 985 1467 Cap.
1011 1383 1062 1462 15,
1079 1405 1109 1447 n.
1129 1384 1204 1449 206.
1228 1381 1417 1448 Brannroros
1440 1380 1519 1447 XIV

233 1507 272 1572 de
299 1503 377 1590 Syn.
406 1507 502 1574 dioec.
526 1505 564 1570 L.
592 1507 609 1571 1
634 1511 667 1573 et
691 1508 722 1573 5.
746 1507 872 1574 Pariter
894 1507 949 1572 ille
972 1508 1006 1572 in
1029 1531 1123 1594 quern
1157 1472 1334 1574 iurisdictio
1358 1510 1519 1573 exercetur

233 1633 381 1695 censetur
403 1651 552 1715 praesens
576 1651 634 1715 per
656 1631 821 1696 fictionem
843 1631 921 1697 iuris
944 1633 977 1696 in
1009 1633 1155 1712 dioecesi,
1181 1655 1253 1698 oum
1276 1633 1419 1698 indebita
1442 1631 1517 1698 sub-

234 1755 393 1819 tractione
416 1755 491 1820 inde
513 1755 655 1836 recessit,
681 1777 745 1839 qno
769 1756 931 1840 pertinent
951 1777 999 1820 ex.
1015 1778 1065 1842 gr.
1082 1756 1214 1822 violatio
1230 1756 1312 1842 legis
1328 1756 1518 1822 residentiae

235 1877 341 1962 quoad
365 1899 428 1958 eos,
453 1879 508 1963 qui
532 1879 654 1944 habent
679 1879 869 1944 beneficium
890 1880 1102 1960 residentiale,
1127 1880 1179 1945 vel
1208 1903 1280 1946 curn
1304 1881 1375 1965 quis
1398 1871 1518 1968 ligatus

235 2023 367 2068 censura
389 2002 440 2068 rel
463 2007 635 2088 praecepto
660 2026 678 2069 e
702 2003 837 2070 dioecesi
863 2005 993 2070 recedit.
1024 2005 1178 2072 Censetur
1206 2005 1341 2089 denique
1370 2025 1518 2089 praesens

235 2149 293 2213 per
315 2129 479 2194 fictionem
501 2129 578 2194 iuris
604 2129 660 2214 qui
682 2151 702 2194 a
726 2129 861 2195 dioecesi
885 2129 1110 2214 per-fraudem
1132 2130 1252 2196 recedit
1275 2130 1315 2195 ad
1331 2129 1437 2215 legem
1460 2129 1521 2194 ali·

235 2274 331 2338 quam
355 2252 557 2318 eludendam.
574 2253 665 2320 Haec
681 2258 791 2319 tamen
806 2255 919 2342 regula
935 2255 1147 2320 communiter
1161 2254 1370 2340 restringitur
1384 2255 1423 2319 ad
1441 2255 1520 2320 duos

235 2399 326 2444 cases
350 2399 369 2442 a
392 2377 461 2443 iure
484 2377 662 2463 expressos,
689 2379 722 2444 id
745 2383 796 2444 est
811 2379 851 2444 ad
867 2379 1054 2444 eludendam
1070 2378 1176 2466 legem
1192 2379 1400 2444 tridentinam
1415 2378 1521 2463 quoad

234 2502 454 2568 solemnitates
465 2502 733 2581 matrimoniales,
747 2502 892 2570 Ursinus
903 2502 983 2569 Vlll
996 2505 1105 2570 Const.
1117 2503 1251 2586 Experti
1261 2505 1303 2568 14
1315 2503 1401 2590 Aug.
1417 2504 1519 2580 16263

234 2626 349 2692 Benna.
366 2627 446 2696 XIV
470 2628 579 2694 Const.
606 2627 730 2694 Paucis
757 2630 798 2693 19
823 2627 932 2692 Martii
959 2629 1060 2705 17583
1085 2632 1118 2692 et
1141 2629 1181 2692 ad
1203 2629 1400 2694 evadendam
1415 2627 1521 2714 legem

235 2752 460 2817 reservationis
484 2751 620 2816 alicuius
645 2752 769 2836 peccati
785 2751 889 2835 quoad
906 2751 1136 2816 confessionem
1152 2752 1425 2818 sacramentalem.
1442 2752 1521 2818 (tne-

235 2899 311 2940 unus
334 2875 365 2940 X
389 2875 498 2942 Const.
523 2873 679 2958 superna
711 2877 753 2938 22
775 2873 855 2940 Maii
882 2875 986 2951 1670;
1010 2873 1079 2940 Sao.
1104 2876 1215 2942 Conon.
1239 2876 1332 2942 ›Oonc
1362 2881 1405 2941 16
1435 2875 1520 2958 Sept.

237 3007 324 3068 1649
339 3001 424 3086 apud
440 3000 545 3066 Banna
562 2999 642 3066 XIV
654 3001 693 3068 de
708 2998 784 3085 Syn.
801 2999 838 3064 L.
855 2999 895 3080 V,
912 3022 943 3064 n.
958 3001 988 3064 8.

369 3123 403 3208 3)
428 3126 538 3192 'l'ertia
560 3124 674 3213 regula
699 3127 875 3191 communis
891 3131 939 3192 est
954 3130 992 3192 ut
1007 3124 1195 3211 Episcopus,
1212 3127 1253 3191 ad
1270 3126 1521 3192 iurisdictionem

233 3233 340 3316 ‘valide
363 3252 583 3328 exercendam,
608 3273 645 3316 ea
668 3251 815 3336 potiatur
838 3255 912 3316 actu
943 3273 999 3317 seu
1027 3256 1155 3317 verset
1188 3253 1222 3317 in
1245 3273 1289 3333 se,
1321 3275 1376 3318 seu
1406 3252 1521 3318 saltem

235 3375 328 3440 iuxta
350 3380 490 3440 mentem
514 3381 547 3440 et
572 3376 813 3460 permissionem
833 3376 1006 3440 Ecclesiae.
1029 3375 1101 3441 Hoc
1124 3377 1240 3442 accidit
1262 3381 1331 3442 tum
1354 3377 1387 3441 in
1411 3377 1450 3442 iis
1466 3377 1521 3460 qui

238 3493 369 3557 titulum
392 3495 513 3560 habent
537 3498 717 3563 coloratum
749 3519 814 3562 una
844 3521 916 3563 cum
945 3497 1050 3563 'errore
1080 3501 1251 3578 communi,
1275 3501 1309 3563 id
1343 3503 1392 3564 est
1422 3501 1522 3565 totius

240 3616 361 3701 populi,
379 3617 585 3682 coniunctum
599 3617 658 3701 (1),
675 3625 744 3684 tum
756 3621 790 3684 in
801 3619 842 3684 iis
853 3622 917 3703 qui,
936 3621 1011 3684 licet
1026 3622 1292 3685 excommunicati
1308 3625 1365 3683 aut
1380 3623 1523 3703 suspensi

237 3742 313 3821 sint,
337 3741 520 3807 denunciati
544 3746 655 3806 tamen
678 3763 743 3807 non
765 3742 894 3822 fuerint,
919 3743 1058 3826 exeeptis
1082 3743 1218 3808 notoriis
1241 3741 1428 3808 clericorum
1450 3764 1523 3827 per·

236 3867 417 3932 oussoribus
441 3871 474 3932 et
497 3867 634 3932 notoriis
659 3866 840 3932 haereticis.
864 3865 956 3934 Unde
972 3868 1125 3952 sequitur,
1141 3867 1287 3934 Vicarios
1304 3887 1429 3952 quoque
1444 3867 1524 3952 Epi·

236 4013 407 4077 scopornm
430 3991 485 4076 qui
509 3992 782 4058 excommunicati
816 3997 871 4058 eut
901 3993 1044 4078 suspensi
1077 3992 1260 4058 denuntiati
1282 3992 1358 4072 sint,
1389 3995 1446 4057 ant
1469 3993 1524 4077 qui

310 4255 348 4324 (l)
368 4257 479 4312 Titulus
498 4274 614 4313 causam
630 4256 783 4328 signifieat,
798 4275 832 4312 ae
845 4257 982 4312 dividitur
993 4257 1023 4312 in
1036 4275 1138 4323 emm,
1153 4259 1303 4314 coloratam
1316 4259 1345 4336 et
1357 4258 1525 4326 putativam.

238 4345 329 4402 Verus
348 4345 458 4413 dieitur,
472 4347 517 4402 cui
534 4345 607 4402 nihil
628 4347 708 4402 deest
726 4349 758 4402 ut
778 4345 822 4402 ius
843 4347 877 4401 de
897 4363 952 4416 quo
972 4347 1066 4418 egitur
1084 4347 1239 4402 transferre
1257 4346 1355 4416 possit.
1370 4345 1524 4412 Coloratue,

239 4438 285 4492 cui
303 4435 396 4506 specie
415 4440 497 4492 tenus
516 4437 588 4491 nihil
607 4437 705 4493 deesse
725 4436 843 4503 videtur,
865 4438 914 4492 sed
933 4455 1032 4493 revera
1050 4437 1159 4492 occulto
1181 4436 1250 4492 vitio
1269 4437 1381 4492 laborat
1399 4437 1524 4504 adeoque

238 4525 311 4580 nihil
329 4526 474 4581 transfert.
494 4525 645 4581 Putativus
665 4526 714 4595 qui
733 4526 807 4581 falso
827 4525 940 4582 subesse
959 4527 1088 4580 creditur.
1108 4525 1182 4581 Hinc
1204 4525 1292 4596 siquis
1321 4525 1357 4580 ab
1377 4523 1523 4580 Ordinatio

238 4613 398 4684 paroeciam
424 4615 478 4670 rite
504 4615 644 4680 obtinuit·
654 4632 751 4680 oeream
779 4615 803 4669 si
829 4614 989 4681 simoniace,
1009 4615 1203 4686 colorataapei
1228 4613 1383 4669 nullimode
1402 4613 1525 4670 obtinuit

238 4705 288 4759 sed
306 4703 369 4765 aliis
389 4703 467 4760 falso.
482 4703 625 4773 persuasit
644 4703 701 4758 sibi
719 4703 853 4760 collatam
871 4703 967 4770 fuisse,
980 4707 1126 4773 putativas
1144 4704 1244 4758 titulus
1259 4703 1320 4759 erit.
1334 4703 1418 4759 Error
1429 4706 1524 4759 autem

238 4792 393 4849 communis
413 4797 464 4862 est,
484 4791 508 4847 si
527 4809 559 4848 eo
578 4793 639 4848 loco
661 4791 708 4847 nbi
730 4792 832 4862 aliquis
861 4793 1082 4850 iurisdictionem
1100 4796 1213 4849 exercet
1239 4810 1273 4848 ea
1299 4793 1444 4862 praeditus
1463 4809 1523 4848 esse

238 4881 351 4952 publice
369 4881 555 4950 existimetur,
575 4898 624 4937 seu
645 4880 717 4937 facti
736 4899 827 4938 errore
846 4899 896 4938 seu
913 4882 990 4949 iaris,
1010 4881 1159 4938 dummodo
1178 4881 1225 4936 hic
1243 4881 1282 4938 sit
1300 4881 1462 4952 probabilis.
