3872 5694
801 502 943 556 ..99-

309 676 355 734 De
376 675 526 751 regimine
549 675 734 736 Missionum
750 695 810 752 per
839 677 975 738 licerius
996 675 1197 754 Apostolicos.
1211 707 1249 720 -
1264 675 1294 736 5.
1310 677 1376 742 Qua
1397 679 1515 738 ratione

228 773 409 852 provideant
429 773 589 832 Praeaules
611 773 754 848 regimini
767 775 941 834 vicariatus
962 793 1014 834 seu
1036 775 1256 848 Praefecturac,
1283 777 1407 834 uerita
1428 777 1515 836 decc-

226 873 333 931 dentes
354 872 419 930 sine
440 871 602 947 Superiora
625 871 729 930 fideles
755 873 938 948 relinquant.
963 905 1000 916 —
1021 871 1051 932 6.
1082 873 1192 930 Utrum
1221 873 1370 932 habeatur
1394 874 1516 950 aliquod

229 969 395 1030 Consilium
425 969 613 1027 ordinarium
646 969 920 1042 blissionariorum,
952 989 1085 1046 quasque
1116 971 1331 1029 attributiones
1359 970 1403 1028 illi
1431 971 1515 1030 adsi-

228 1071 372 1143 gnemm.

309 1165 357 1222 De
382 1162 469 1224 Claro
491 1164 718 1240 Indigeno.,-
739 1165 769 1225 7.
794 1165 999 1240 Singulariter
1020 1181 1119 1224 sermo
1150 1166 1353 1224 instituendus
1375 1166 1411 1224 de
1435 1165 1517 1225 clero

230 1262 380 1336 indigena,
406 1279 441 1320 ac
462 1261 612 1338 imprimis
633 1263 669 1320 de
690 1263 853 1322 idoneitate
874 1263 965 1335 illius,
991 1263 1085 1338 deque
1106 1263 1199 1322 animi
1221 1263 1427 1338 qualitatibus,
1446 1265 1516 1338 qui-

230 1360 286 1418 bus
306 1359 462 1436 praeditus
484 1364 618 1435 apparet,
644 1377 680 1418 uc
701 1361 737 1419 de
760 1377 811 1436 spe
832 1376 909 1436 quae
930 1363 961 1418 iu
983 1361 1048 1435 ipso
1068 1360 1209 1420 collocari
1230 1361 1335 1436 possit.
1349 1361 1428 1420 -8.
1451 1359 1518 1424 Qua

230 1458 348 1516 ratione
378 1457 555 1516 consulatur
585 1459 756 1516 educationi
787 1460 819 1516 et
849 1458 1034 1516 institutioni
1070 1457 1256 1516 Clericorum
1294 1459 1514 1534 indigenarum:

230 1555 410 1632 praesertim
431 1573 471 1614 an
492 1555 641 1614 habeatnr
666 1557 878 1628 Seminarium,
908 1559 1010 1614 utrum
1043 1555 1083 1613 sit
1113 1557 1287 1631 separatum
1318 1557 1356 1614 ab
1386 1555 1517 1616 alumnis

230 1653 445 1726 saecularibus,
478 1657 508 1712 et
530 1671 605 1728 quac
637 1653 738 1712 studia
758 1654 800 1712 ibi
833 1653 941 1712 Clerici
972 1654 1143 1726 doceantur,
1169 1657 1200 1712 ot
1221 1656 1323 1712 utrum
1355 1653 1518 1729 regulaea

232 1751 408 1810 Tridentino
439 1752 645 1827 praescriptae
667 1753 698 1810 in
719 1753 782 1810 toto
805 1751 853 1810 uel
874 1752 906 1810 in
932 1754 1019 1827 parte
1051 1753 1220 1824 serventur,
1255 1752 1341 1810 cuius
1371 1769 1462 1812 curae
1482 1769 1518 1810 ae

231 1848 373 1923 regimini
393 1849 541 1908 creditum
563 1849 612 1921 sit,
632 1849 758 1924 deniqne
772 1865 821 1920 au,
840 1848 865 1906 si
880 1848 966 1920 desit,
985 1847 1086 1924 aliquo
1101 1849 1186 1907 modo
1200 1849 1344 1907 constitui
1358 1849 1454 1925 possit
1468 1849 1518 1908 vel

230 1945 364 2006 eiusdem
385 1945 513 2006 defectui
536 1947 682 2022 suppleri.
697 1977 734 1990 -
746 1946 776 2006 9.
793 1946 908 2010 Quibus
928 1946 1032 2006 officiis
1055 1947 1215 2020 indigenae
1236 1947 1373 2006 adhiberi
1388 1946 1513 2022 possint,

230 2045 323 2102 etan
343 2043 540 2104 excludantur
560 2062 580 2102 a
598 2061 787 2120 quacumque
809 2045 1023 2122 superioritute
1044 2047 1181 2120 respectu
1203 2045 1307 2102 habitu
1327 2045 1366 2102 ad
1393 2044 1517 2104 Missio-

234 2141 336 2200 narios
355 2143 539 2218 Europaeos.

313 2240 359 2298 De
380 2239 535 2298 fusticulis
554 2237 894 2315 amularium-10.
918 2239 1021 2303 Quoad
1043 2240 1187 2300 Instituta
1210 2240 1408 2315 Regularium
1437 2240 1518 2298 iudi-

230 2340 327 2409 cetur,
352 2354 390 2395 an
406 2337 467 2396 sint
488 2338 519 2396 in
535 2337 693 2396 Vicariatu
709 2355 761 2396 seu
777 2337 980 2412 Praefectura
999 2341 1030 2396 et
1044 2353 1082 2396 an
1097 2338 1267 2396 educationi
1288 2341 1319 2396 et
1334 2337 1519 2398 institutioni

233 2436 402 2494 iuventutis
426 2435 498 2494 dent
517 2453 650 2511 operum,
684 2435 773 2512 idque
793 2437 982 2512 exprimatur
1003 2437 1068 2494 siva
1096 2437 1193 2512 quoad
1213 2436 1357 2494 instituta
1383 2436 1519 2496 virorum

234 2533 299 2592 siva
320 2532 417 2608 quoad
439 2533 581 2590 instituta
603 2533 776 2594 mulierum.
792 2565 831 2576 -
847 2532 894 2592 ll.
919 2534 967 2590 An
988 2533 1069 2592 inter
1090 2533 1249 2608 Indigenas
1270 2534 1332 2590 sint
1353 2534 1405 2608 qui
1426 2550 1520 2608 regu-

232 2629 350 2688 laribus
371 2630 524 2688 institutis
539 2631 600 2688 sint
622 2630 735 2690 addicti
756 2633 788 2688 et
807 2630 847 2688 ad
867 2630 1038 2688 huiusmodi
1060 2633 1174 2688 statum
1196 2648 1227 2688 se
1248 2631 1408 2688 inclinatos
1428 2647 1520 2706 prae-

233 2728 333 2802 beant,
352 2725 413 2804 (ina
426 2729 545 2786 demum
560 2729 740 2788 Missionum
760 2728 894 2787 utilitate
914 2729 1031 2804 possint
1051 2745 1087 2785 ea
1101 2728 1181 2786 inter
1202 2727 1359 2802 indigenas
1380 2727 1517 2786 diffundi.

234 2859 273 2870 -
297 2825 344 2886 12.
367 2826 479 2884 Utrum
500 2825 705 2884 Ecclesiastici
728 2826 788 2884 viri
811 2826 876 2884 eive
897 2825 1074 2886 Saeculares
1102 2825 1167 2882 sive
1191 2826 1358 2899 Regulares
1385 2823 1520 2894 clericali

231 2927 289 2983 aut
315 2923 457 2998 religioso
484 2924 591 2982 habitu
615 2926 750 2996 utantur,
774 2923 825 2982 vel
846 2923 953 2982 saltem
974 2923 1036 2982 alia
1057 2926 1150 2996 veste,
1176 2939 1252 2998 quae
1273 2939 1377 2981 eorum
1405 2925 1520 2980 statum

232 3019 358 3080 minime
379 3021 530 3081 dedeceat.
1178 3075 1185 3086 ,

202 3159 216 3166 --
316 3119 362 3178 De
377 3120 552 3178 Meisteric
567 3120 666 3178 Sucro
687 3137 725 3178 uc
746 3119 938 3194 degentium
951 3119 1155 3178 conversione.
1169 3151 1207 3162 -
1222 3118 1268 3178 13.
1293 3119 1381 3188 Circa
1401 3135 1520 3176 sacrum

233 3219 438 3278 ministerium
449 3215 664 3294 exponendum,
685 3235 724 3275 an
739 3218 887 3276 habeatur
901 3217 1102 3276 Directorium
1118 3217 1183 3276 sive
1196 3216 1332 3276 collectio
1346 3215 1521 3292 regularum

231 3320 267 3376 et
280 3334 389 3374 usuum
404 3316 577 3374 Vicariatus
599 3315 664 3374 sive
681 3314 894 3374 Praefecturac
915 3313 1013 3390 quoad
1033 3314 1183 3374 servanda
1195 3331 1215 3374 a
1228 3314 1433 3374 sacerdotibus
1453 3332 1522 3372 cum

232 3416 268 3474 in
289 3431 344 3472 sua
358 3414 440 3473 ritae
462 3414 579 3472 ratione
601 3415 665 3470 tum
687 3411 868 3470 infidelium
889 3412 1047 3486 regimine,
1072 3411 1204 3487 illudque
1225 3411 1258 3470 S.
1282 3411 1315 3472 O.
1331 3411 1520 3470 exhibeatur.

232 3511 399 3571 -1-1.An
421 3511 453 3570 in
473 3510 744 3569 communicatione
765 3509 943 3568 facultatum
966 3509 1165 3566 missionariis
1187 3507 1323 3566 facienda
1336 3507 1453 3566 facilem
1469 3511 1523 3564 aut
1588 3569 1589 3573 ,

232 3607 386 3666 difficilem
402 3625 434 3666 se
447 3609 591 3684 praebeat
607 3607 763 3683 Superior.
777 3639 815 3650 --
833 3605 880 3666 15.
896 3606 1007 3664 Utrum
1022 3623 1125 3662 omnes
1140 3604 1326 3662 Missionarii
1340 3605 1372 3663 in
1386 3604 1522 3662 doctrina

232 3705 344 3766 morali
366 3706 428 3764 sint
447 3701 616 3780 concord'eS,
649 3707 680 3764 et
710 3707 812 3763 utrum
839 3703 877 3762 ad
906 3701 1143 3760 uniformitatem
1171 3699 1329 3760 fovendam
1353 3699 1522 3758 habeantur

232 3803 287 3861 rel
307 3803 412 3864 haberi
433 3805 550 3880 possint
571 3807 738 3862 conventus
760 3819 814 3877 pro
835 3817 959 3860 casuum
980 3799 1140 3858 moralium
1164 3797 1301 3856 examine
1327 3795 1520 3857 conficiendo.

232 3899 346 3962 -16,
376 3901 488 3960 Utrum
516 3901 625 3960 diffusa
654 3903 694 3960 sit
720 3901 800 3958 inter
825 3899 927 3958 fideles
950 3899 1039 3956 lectio
1061 3897 1207 3956 librorum
1228 3895 1460 3972 prohibitorum.
1484 3927 1522 3938 —
1547 3924 1549 3927 ·

236 3997 287 4058 17.
311 3999 422 4058 Utrum
444 4001 475 4058 in
496 3999 634 4058 omnibus
657 3998 863 4058 Vicariatibus
883 4000 914 4056 et
935 3995 1239 4072 Praefecturisadsit
1259 3994 1476 4064 catechismus,
1493 3997 1525 4052 et
1572 4021 1574 4024 ·

233 4099 386 4172 quatenus
408 4098 598 4170 affirmative,
618 4115 657 4156 an
679 4098 710 4155 in
727 4096 823 4154 variis
843 4095 930 4153 libris
951 4095 1016 4152 eius
1037 4092 1157 4168 generis
1178 4095 1318 4172 servetur
1333 4089 1524 4150 uniformitas

233 4195 336 4270 quoad
357 4195 510 4254 doctrinae
532 4195 761 4272 expositionem.
785 4227 823 4238 -
847 4193 894 4252 18.
917 4192 1028 4250 Utrum
1049 4189 1189 4267 expediat
1209 4189 1342 4249 eiusdem
1370 4190 1525 4248 Missionis

233 4293 394 4352 districtus
422 4295 467 4352 ita
497 4294 647 4366 ordinare,
684 4295 719 4350 ut
749 4293 852 4369 plures
883 4291 935 4350 uni
966 4290 1160 4348 Missionario
1190 4292 1345 4364 tamquam
1377 4288 1524 4363 superiori

234 4391 367 4451 subsint.
391 4425 429 4434 -
453 4391 500 4452 19.
524 4391 636 4450 Utrum
661 4392 691 4448 in
723 4389 851 4466 singulis
878 4388 1075 4466 districtibus,
1108 4387 1159 4464 qui
1187 4386 1400 4462 parochiarum
1428 4385 1525 4442 locum

235 4493 351 4563 tenent,
381 4490 544 4566 diligenter
565 4493 728 4560 serventur
751 4488 823 4546 libri
851 4487 1081 4564 baptizatorum,
1114 4485 1386 4555 matrimoniorum,
1417 4481 1525 4540 defun-.

233 4590 364 4662 ctorem,
389 4607 444 4647 nec
465 4605 524 4646 non
546 4591 644 4645 status
666 4587 851 4661 animarum3
876 4602 915 4644 an
936 4576 1015 4644 ratio
1036 4583 1185 4641 habeatur
1206 4581 1418 4648 observantiae
1434 4597 1526 4656 prac-

198 4679 204 4686 ’
233 4685 317 4761 cepti
344 4685 508 4761 paschalis,
541 4687 572 4742 et
601 4687 704 4745 utrum
733 4682 892 4742 memorati
919 4681 1076 4740 districtus
1104 4680 1143 4738 ad
1169 4677 1299 4738 formam
1325 4678 1481 4754 paroeciae
1508 4695 1527 4738 a
