3906 5690
1019 503 1162 558 ,58-

353 709 357 716 ’
450 679 636 746 dimetiendi
659 685 744 746 sunt.
768 679 820 744 Ad
842 680 926 745 hano
949 684 1145 765 potestatem
1167 680 1350 766 delegatam
1379 681 1542 766 pertinent
1564 681 1735 766 inprimis

448 803 620 870 facultates
635 803 869 884 Formiarum,
885 827 941 870 seu
963 805 1135 870 facultates
1159 805 1225 870 sive
1249 805 1438 886 ordinariae,
1462 806 1528 872 sive
1552 807 1733 874 extraordi-

447 929 565 1009 nariae,
590 951 671 1014 quae
694 930 772 1015 ipsis
796 929 901 995 aSac.
920 929 1037 1016 Oongr.
1061 929 1132 994 Fid.
1148 931 1245 1015 Prop.
1262 932 1392 996 concedi
1407 931 1522 1012 solent,
1539 933 1573 997 in
1596 909 1732 1016 quarum

447 1077 506 1120 usu
529 1055 702 1120 servandae
725 1059 800 1121 sunt
822 1055 963 1142 regulae,
988 1077 1067 1140 quas
1089 1057 1160 1140 ipsa
1176 1055 1342 1143 delegatae
1365 1057 1593 1123 iurisdictionis
1617 1061 1762 1156 naturas

447 1179 592 1264 postulat
616 1183 673 1244 aut
694 1179 864 1264 permittit,
889 1180 1060 1245 dummodo
1083 1182 1249 1246 nonsatis
1272 1185 1406 1262 constet,
1431 1181 1529 1246 aliam
1551 1203 1619 1248 esse
1641 1204 1739 1248 men-¹

448 1308 514 1369 tam
538 1304 716 1390 delegantis
747 1305 768 1370 i.
792 1325 819 1370 e.
845 1303 1052 1389 Apostolicae
1086 1303 1177 1370 Sedis
1204 1309 1237 1370 et
1267 1303 1383 1372 Sacrae
1418 1307 1686 1393 congregationis
1713 1331 1734 1373 a

283 1413 286 1420 ’
350 1457 353 1462 ’
449 1451 513 1512 qua
546 1428 683 1494 facultas
713 1429 897 1494 immediate
927 1429 1081 1528 procedit.
1115 1428 1227 1505 Quoad
1258 1430 1317 1496 has
1342 1435 1470 1496 notasse
1499 1431 1647 1511 sufficiat,
1678 1453 1733 1497 eas

449 1574 570 1618 cessare
603 1552 711 1638 elapso
744 1557 888 1638 tempore
912 1553 953 1618 ad
976 1553 1061 1637 quod
1087 1573 1254 1620 concessae
1277 1557 1362 1619 sunt.
1386 1555 1439 1620 Ad
1466 1531 1599 1620 dubium
1621 1560 1732 1621 tamen

449 1677 571 1742 Vicarii
599 1677 779 1762 Apostolici
813 1657 977 1764 Tongkini
1001 1677 1206 1744 occidentalis
1230 1701 1307 1744 num
1330 1684 1404 1764 post
1427 1680 1571 1766 elapsum
1593 1685 1731 1766 tempus,

448 1803 489 1868 ad
524 1803 609 1887 quod
636 1803 851 1868 conceduntur
873 1802 1044 1868 facultates
1070 1802 1342 1888 (Formularum),
1367 1805 1465 1870 etiam
1497 1806 1626 1871 valeant
1657 1828 1735 1873 casu-

447 1949 510 2012 quc
534 1929 601 1993 sine
616 1951 675 1994 sua
698 1928 792 2012 culpa
815 1905 924 1994 earum
939 1929 1124 2014 prorogatio
1148 1929 1249 1995 dilata
1269 1929 1378 2009 fuerit,
1404 1928 1502 1996 Sacra
1525 1931 1643 2018 Congr.
1659 1931 1731 1998 Fid.

448 2053 544 2136 Prop.
569 2053 619 2118 die
654 2055 694 2118 16
718 2051 785 2118 Ian.
815 2027 898 2118 1797
923 2053 1097 2137 respondit,
1126 2052 1231 2119 valera
1261 2076 1361 2138 usque
1385 2055 1425 2120 ad
1448 2077 1549 2120 novae
1573 2078 1731 2144 proroga·

448 2177 546 2241 tionis
576 2177 844 2261 impetrationem.
872 2177 944 2242 Hoc
975 2181 1084 2242 tamen
1110 2199 1298 2262 responsum
1329 2202 1394 2245 non
1424 2179 1620 2266 suffragatur
1649 2181 1730 2266 Epi-

450 2323 558 2386 scopo,
583 2303 637 2385 qui
661 2301 804 2366 omiserit
826 2301 1088 2388 prorogationem
1118 2304 1307 2387 tcmpestive
1331 2304 1504 2388 postulare.
1531 2337 1574 2352 -
1598 2305 1732 2372 (leuant

450 2429 547 2490 etiam
574 2425 745 2490 facultates
769 2447 935 2490 concessae
959 2426 1142 2491 aduentum
1166 2448 1296 2492 casuum
1319 2450 1496 2508 numerum,
1518 2451 1650 2495 numero
1673 2429 1731 2496 illo

449 2550 616 2629 exhausto,
634 2555 777 2635 tempore
801 2551 877 2616 licet
900 2551 1041 2616 nondum
1065 2551 1184 2636 elapsa,
1208 2557 1265 2617 aut
1288 2551 1397 2636 elapso
1420 2557 1575 2638 tempore,
1598 2577 1732 2620 numero

449 2677 525 2741 licet
540 2677 681 2742 nondum
697 2678 863 2744 exhausto.
887 2675 956 2744 Suc.
974 2679 1086 2745 Cauca.
1103 2677 1172 2744 Fra.
1193 2677 1286 2744 Pace.
1306 2679 1346 2744 10
1370 2679 1457 2766 Aug.
1477 2681 1573 2745 1841.
1598 2681 1731 2747 Oessant

448 2824 574 2887 quoque
602 2803 689 2887 (cum
712 2825 750 2868 ex
774 2807 880 2869 mente
907 2803 940 2869 S.
965 2803 1056 2868 Sedis
1079 2809 1166 2869 certo
1194 2805 1259 2869 sint
1281 2803 1489 2888 personales),
1513 2809 1647 2870 vacante
1671 2827 1729 2889 per

448 2932 586 2992 mortem
609 2927 762 3010 Episcopi
785 2929 858 2992 sede
883 2928 1067 3010 episcopali,
1090 2929 1113 2990 i.
1130 2950 1157 2991 e.
1181 2950 1245 2992 non
1269 2932 1437 2992 transeunt
1460 2929 1499 2990 ad
1518 2949 1731 2993 successorem

447 3073 487 3113 ne
503 3071 560 3132 pro
578 3053 721 3130 tempore
745 3049 873 3130 quidem
895 3071 952 3132 per
976 3049 1060 3132 quod
1084 3053 1140 3113 aut
1167 3069 1225 3132 pro
1248 3069 1380 3111 numero
1413 3047 1454 3111 ad
1477 3067 1571 3129 quem
1594 3025 1729 3131 praede·

446 3191 561 3248 cessor,
585 3173 612 3235 si
636 3175 794 3254 superstes
818 3172 912 3252 foret,
937 3173 982 3238 eis
998 3171 1102 3237 adhuc
1117 3173 1164 3236 uti
1182 3174 1304 3255 posset:
1320 3171 1386 3236 imo
1403 3191 1442 3236 ex
1458 3175 1565 3236 mente
1588 3169 1621 3237 S.
1638 3169 1730 3238 Sedis

446 3297 572 3358 cessant
606 3316 805 3378 quocumque
834 3297 929 3362 modo
961 3297 1140 3382 Episcopus
1171 3293 1313 3360 officium
1346 3317 1439 3361 suum
1471 3296 1624 3361 amiserit.
1647 3295 1729 3362 Sede

447 3420 556 3482 autem
578 3439 635 3504 per
650 3423 787 3484 mortem
803 3419 955 3506 Episcopi
972 3424 1116 3499 vacante,
1134 3419 1327 3485 attendenda
1342 3425 1418 3486 sunt
1434 3443 1514 3506 quae
1535 3421 1619 3486 infra
1643 3421 1728 3486 dice·

392 3521 394 3526 ι
447 3566 518 3610 mus
541 3544 575 3609 in
599 3544 676 3630 Cap.
700 3543 757 3611 IV.
788 3543 976 3612 Notandum
999 3567 1074 3610 vero
1097 3567 1154 3629 per
1183 3549 1320 3611 mortem
1350 3545 1516 3613 Pontificis
1540 3569 1594 3612 eas
1625 3545 1729 3611 facul-

446 3675 530 3736 tates
554 3694 618 3737 non
642 3693 774 3753 cessare.

536 3795 588 3859 Ad
618 3796 718 3860 haec:
752 3795 923 3860 facultates
958 3790 1039 3859 istae
1073 3795 1176 3881 gratis
1211 3799 1285 3861 sunt
1317 3793 1520 3873 exercendae,
1545 3797 1578 3857 et
1610 3772 1730 3878 absque

447 3917 579 4002 speciali
602 3917 726 3982 indulto
751 3917 952 4004 subdelegari
975 3940 1040 3983 non
1062 3923 1207 4004 possunt.

536 4040 669 4116 Quando
701 4063 776 4107 vero
810 4043 844 4106 in
875 4043 1027 4109 Formula
1057 4044 1185 4109 additur
1216 4041 1413 4128 Episcopum
1442 4042 1651 4108 facultatibus
1682 4043 1731 4108 uti

445 4186 510 4229 non
532 4187 625 4249 posse
649 4173 739 4232 antro
758 4169 840 4250 fiaes
862 4188 940 4236 succ
969 4169 1150 4249 dioeceseos,
1175 4167 1376 4255 significatur
1406 4168 1569 4233 subditum
1601 4167 1730 4252 quidem

446 4310 513 4354 esse
537 4289 650 4354 debere
680 4291 715 4356 in
738 4291 883 4372 dioecesi,
909 4315 981 4358 cum
1004 4293 1071 4358 eius
1094 4292 1204 4357 favore
1236 4285 1415 4376 Episcopus
1444 4293 1546 4358 utitur
1575 4291 1731 4358 facultate

445 4414 507 4480 sibi
531 4437 689 4496 concessa,
713 4439 778 4482 non
801 4437 875 4482 vero
899 4417 1106 4503 Episcopum.
1130 4416 1163 4483 S.
1187 4415 1279 4483 Uurv.
1303 4415 1367 4490 Ino.
1391 4418 1411 4480 2
1435 4416 1514 4481 Maii
1541 4418 1624 4482 1877
1643 4415 1702 4500 (1).

515 4627 555 4695 (1)
574 4629 664 4698 igitur
682 4628 711 4682 vi
724 4629 805 4685 istius
820 4630 963 4685 clausulae
975 4647 1119 4699 personae,
1135 4645 1255 4699 quarum
1267 4629 1358 4686 favori
1369 4631 1521 4686 facultates
1535 4629 1658 4684 exerceri
1668 4647 1731 4698 pos-

444 4719 520 4782 sunt,
530 4718 560 4770 in
570 4717 689 4773 dioecesi
697 4717 829 4789 Episcopi
840 4720 889 4788 qui
898 4719 1037 4774 facultate
1047 4719 1201 4775 instructus
1212 4723 1263 4786 est,
1273 4720 1319 4774 vel
1329 4719 1482 4775 sacerdotis
1493 4718 1538 4772 cui
1546 4735 1580 4772 ea
1592 4717 1648 4773 fuit
1658 4717 1733 4772 dele·

444 4809 521 4876 gata,
533 4807 705 4862 domicilium
714 4808 760 4863 vel
772 4808 854 4878 quasi
863 4808 1036 4864 domicilium
1045 4803 1267 4865 liabercdebent.
1282 4807 1426 4880 vagorum
1439 4808 1526 4864 etiam
1544 4806 1637 4863 favori
1655 4823 1733 4863 exer·
