3906 5690
1027 485 1166 537 „52-

537 662 584 722 15.
607 662 750 721 Dividere
764 662 872 720 debent
885 658 1009 720 tertiam
1021 627 1142 737 partem
1156 658 1318 734 fructuum,
1336 659 1570 719 convertendam
1585 659 1616 717 in
1631 659 1738 718 distri-

454 762 593 832 butiones
613 761 694 818 lnter
714 776 773 832 eos,
800 759 850 834 qui
872 758 984 816 dlvlnls
1006 757 1109 814 offlclis
1137 758 1298 831 intersunt,
1334 759 1458 816 servata
1488 757 1590 816 debita
1610 775 1739 834 propor-
1847 793 1862 802 .-

454 860 536 918 tione
557 874 753 933 personarum
773 857 805 914 et
826 855 980 928 horarum,
1005 859 1180 930 ceterosque
1202 873 1260 912 non
1282 856 1497 917 interessentes
1511 855 1617 914 iisdem
1632 854 1739 920 distri-

455 955 628 1014 butionibus
649 954 783 1030 privare.
808 953 880 1029 Gap.
905 952 950 1010 III
970 952 1052 1012 Sess.
1076 953 1167 1010 XXII
1188 954 1227 1011 de
1248 953 1320 1029 Res.

538 1050 585 1112 16.
609 1052 726 1110 Debent
745 1050 953 1109 commendata
974 1047 1127 1122 beneficia,
1154 1067 1358 1126 quaecumque
1380 1051 1450 1123 sint,
1475 1051 1567 1110 etlam
1588 1053 1736 1127 exempta,

455 1150 592 1223 visitare,
618 1152 649 1208 et
669 1150 773 1208 lubere
793 1149 874 1206 eirca
898 1165 943 1222 ea,
969 1147 1047 1224 quod
1078 1149 1281 1206 necessarlum
1312 1147 1496 1222 iudicabunt,
1531 1147 1591 1206 nisi
1622 1148 1741 1206 sintin

451 1247 657 1320 monasteriis,
683 1263 759 1322 quae
781 1249 852 1304 sunt
872 1245 973 1322 capita
987 1245 1143 1318 Ordinem,
1162 1245 1211 1303 vel
1226 1263 1302 1321 quae
1324 1247 1392 1303 lstls
1413 1246 1550 1305 subsunt.
1574 1245 1647 1322 Cap.
1667 1245 1742 1324 VIII

457 1346 538 1406 Sess.
561 1345 648 1403 XXI.
671 1345 710 1402 de
730 1345 803 1419 Res.
828 1346 859 1402 et
880 1343 952 1418 Oap.
976 1343 1036 1401 XX
1058 1343 1137 1402 Sess
1162 1343 1251 1400 XXV
1272 1344 1311 1401 de
1331 1344 1407 1419 Rea.

540 1441 588 1500 17.
611 1443 732 1516 Augere
753 1439 863 1499 debent
883 1439 1071 1498 sacerdotum
1099 1455 1257 1498 numerum
1289 1441 1320 1497 in
1351 1439 1574 1515 parochialibus
1595 1439 1739 1512 ecclesiis,

458 1539 490 1598 in
512 1540 620 1615 quibus
640 1539 737 1596 maior
757 1538 934 1614 requiritur,
960 1539 992 1596 et
1010 1537 1171 1614 parochias
1192 1538 1319 1612 erigere,
1344 1556 1412 1596 cum
1438 1538 1584 1596 distantia
1608 1537 1658 1597 vel
1682 1537 1743 1595 dli-

458 1637 578 1696 ficultus
598 1635 731 1694 locorum
753 1635 783 1694 ld
803 1635 947 1711 postulat.
971 1633 1044 1710 Cap.
1069 1635 1112 1693 IV
1132 1635 1198 1694 ead.
1221 1635 1303 1696 Sess.
1326 1635 1401 1694 XXI

542 1734 588 1794 18.
613 1734 689 1793 Item
711 1734 797 1792 unire
817 1733 959 1792 ecclesias
980 1733 1193 1808 cuiuscumque
1214 1733 1335 1808 generis
1366 1737 1489 1810 propter
1519 1737 1739 1812 paupertatem,

458 1833 633 1908 ceterasque
648 1847 761 1906 ¹causas
782 1848 801 1888 a
821 1831 888 1889 lure
908 1830 1061 1907 probatas.
1086 1830 1158 1906 Cap.
1182 1831 1210 1888 V
1231 1831 1311 1890 Sess.
1335 1831 1421 1892 XXI.

542 1927 589 1988 19.
615 1930 690 1987 Item
713 1929 876 1988 summarie
896 1944 1076 2004 cognoscere
1098 1927 1133 1986 de
1155 1929 1461 2004 dispensationibusa
1481 1929 1558 1990 Sede
1572 1929 1745 2007 Apostolica

460 2027 593 2103 gratiose
614 2026 790 2098 commissis,
815 2026 983 2084 executioni
1004 2025 1110 2084 dandis
1125 2026 1239 2086 scilicet
1254 2027 1318 2086 sine
1338 2027 1427 2103 plena
1440 2046 1549 2088 causas
1562 2029 1741 2106 cognitione,

460 2143 499 2184 an
521 2125 728 2199 subreptitiae,
754 2123 802 2182 vel
824 2124 1005 2200 obreptltlae
1026 2125 1096 2194 sint,
1123 2125 1212 2182 sicuti
1236 2129 1267 2184 et
1298 2126 1334 2184 de
1364 2127 1648 2186 commutationibus
1669 2127 1745 2189 ulti-

461 2239 580 2282 marum
601 2221 803 2280 voluntatum.
828 2221 900 2297 Gap.
924 2221 952 2278 V
973 2221 1054 2281 Sess.
1078 2223 1179 2281 XXII.

457 2387 460 2394 Ι
540 2318 590 2379 20.
615 2320 690 2377 Item
712 2319 784 2377 dare
806 2319 945 2394 parochis
966 2319 1117 2395 imperitis
1140 2319 1230 2398 (allas
1252 2321 1395 2380 honestae
1416 2320 1522 2400 vitae),
1559 2323 1746 2384 coadiutores

461 2436 516 2494 pro
536 2419 680 2492 ternpore,
705 2417 812 2492 hisque
833 2417 991 2492 assignare
1004 2416 1157 2476 fructuum
1179 2420 1297 2493 partem
1312 2437 1366 2495 pro
1381 2419 1540 2480 sufficienti
1560 2422 1652 2495 victu,
1671 2421 1747 2479 allos

455 2531 535 2575 ,vero
555 2515 702 2590 parochos
723 2515 863 2590 turpiter,
889 2517 921 2572 et
941 2514 1114 2573 scandaloso
1135 2515 1274 2576 viventes
1288 2518 1448 2592 castigare,
1466 2521 1498 2578 et
1519 2519 1544 2577 sl
1565 2519 1597 2578 in
1612 2520 1747 2596 nequltia

462 2614 667 2689 perseverent,
693 2613 784 2670 etlam
807 2611 958 2671 berreflolls
980 2613 1113 2688 privare.
1139 2613 1211 2689 Cap.
1234 2615 1278 2672 VI
1299 2615 1380 2675 Sess.
1403 2617 1489 2676 XXI.

542 2709 592 2770 2l.
617 2710 734 2768 Debent
754 2710 930 2784 ultimarum
952 2709 1144 2768 voluntatum
1164 2711 1374 2788 dispositiones
1389 2715 1552 2779 summarie
1566 2719 1597 2774 et
1611 2716 1748 2775 0111010-

454 2807 613 2870 ,dicialltor
634 2825 821 2883 cognoscere,
847 2814 1009 2882 autequam
1030 2823 1135 2866 earum
1164 2812 1414 2870 commutationes
1434 2813 1602 2871 executioni
1623 2813 1748 2874 deman-

464 2908 583 2965 dentur.
609 2907 681 2980 Cap.
705 2906 748 2963 VI
770 2905 851 2964 Sess.
875 2905 977 2964 XXII.
1204 2893 1206 2898 ⁵

542 3003 592 3062 22.
616 3003 693 3060 Item
714 3001 882 3060 transferre
903 3001 1047 3062 beneficIa
1069 3003 1218 3079 simplicia
1238 3023 1274 3062 ex
1295 3005 1428 3063 ecclesiis
1449 3007 1598 3082 collapsis,
1621 3025 1697 3082 quae
1712 3009 1749 3066 ob

464 3101 673 3175 paupertatem
695 3099 862 3157 instaurari
884 3103 1044 3176 nequeunt,
1070 3101 1102 3158 in
1125 3102 1276 3174 matricae,
1302 3101 1417 3160 aliasve
1431 3103 1580 3177 ecclesias,
1603 3121 1671 3162 cum
1686 3105 1749 3162 suls

462 3197 614 3269 oneribus,
639 3195 711 3256 licet
733 3197 794 3256 slnt
813 3199 891 3256 iuris
905 3201 1105 3276 patronatus3
1129 3199 1269 3258 eeclesias
1284 3203 1385 3258 autem
1400 3200 1588 3276 parochiales
1602 3201 1749 3276 collapsas

465 3293 589 3353 reficere
610 3295 719 3354 debent
739 3313 776 3353 ex
797 3297 1032 3374 quibuscumque
1054 3296 1177 3356 illarum
1203 3295 1359 3370 fructibus,
1389 3301 1421 3356 et
1451 3299 1499 3356 hls
1530 3297 1746 3372 deficientibus

466 3393 663 3468 parochianos
689 3394 830 3468 congruis
862 3395 937 3453 luris
970 3395 1112 3454 remediis
1144 3394 1182 3453 ad
1213 3395 1282 3452 illas
1313 3397 1529 3456 restaurandas
1559 3389 1746 3473 compellere,

466 3491 605 3550 luvocata
626 3489 664 3549 ad
685 3492 741 3548 hoc
762 3492 877 3551 brachii
893 3492 1057 3552 saecularis
1073 3492 1196 3551 narville.
1214 3491 1298 3556 Quod
1313 3493 1337 3552 sl
1352 3497 1476 3572 propter
1490 3495 1614 3554 nimiam
1629 3511 1751 3556 earum-

456 3589 534 3649 dem
555 3589 805 3665 parachiauorum
827 3593 993 3664 egestatem
1016 3590 1045 3648 ld
1067 3589 1134 3649 fierl
1168 3595 1306 3668 nequeat,
1342 3593 1451 3652 debent
1474 3594 1560 3652 niodo
1582 3593 1753 3667 supradicto

456 3685 645 3748 transferre.
670 3689 742 3763 Cap.
766 3688 824 3746 VII
846 3689 926 3748 Sess.
950 3689 1036 3749 XXI.

548 3784 598 3842 23.
622 3785 752 3842 Possunt
773 3785 944 3848 examinare
966 3788 1110 3860 notarios,
1131 3805 1317 3864 quacumque
1338 3787 1519 3846 auctoritate
1534 3787 1660 3860 creatos,
1686 3785 1754 3844 lde-

467 3897 597 3956 neosque
620 3897 678 3938 non
699 3885 844 3958 repertos,
871 3883 908 3940 ab
930 3883 1025 3941 officio
1055 3885 1179 3960 privare
1208 3888 1351 3958 perpetuo
1380 3881 1429 3938 vel
1458 3881 1496 3939 ad
1517 3882 1635 3957 tempus
1657 3885 1754 3959 quoad

468 3995 575 4036 causas
596 3979 814 4038 ecclesiasticas
836 3983 867 4038 et
889 3980 1075 4056 spirituales.
1100 3981 1172 4054 Cap.
1196 3981 1225 4036 X
1247 3979 1327 4036 Sess.
1350 3977 1451 4036 XXII.

549 4075 598 4135 24.
615 4077 710 4136 Debet
731 4078 896 4154 Episcopus
917 4077 1047 4136 vicinior
1063 4077 1190 4132 visitare
1204 4073 1345 4132 ecelesias
1360 4073 1529 4134 saeculares
1543 4077 1656 4137 nullius
1671 4079 1754 4138 dioe-

438 4173 555 4248 ‚cesls,
582 4175 607 4230 sl
634 4175 663 4232 ld
689 4176 822 4232 constet:
851 4173 985 4248 alloquin
1013 4171 1131 4230 visitari
1162 4171 1270 4228 debent
1297 4171 1335 4228 ab
1360 4173 1485 4247 co,‚qul
1512 4175 1604 4234 semel
1624 4176 1656 4233 in
1681 4195 1754 4236 0οο-

469 4271 540 4329 01110
561 4273 696 4348 provluc.
720 4290 739 4328 a
758 4269 901 4348 Praelata
922 4269 979 4328 loci
1000 4269 1083 4326 illius
1104 4267 1220 4325 electus
1240 4266 1343 4328 fuerit.
1367 4270 1440 4346 Cap.
1464 4271 1508 4330 IX
1529 4272 1610 4333 Sess.
1637 4275 1752 4334 XXIV.

551 4367 601 4428 25.
626 4369 756 4426 Possunt
769 4365 909 4440 Episcopi
925 4367 956 4422 ln
971 4365 1109 4421 omnibus
1124 4363 1181 4436 his,
1201 4382 1277 4440 quae
1293 4365 1331 4423 ad
1346 4367 1560 4443 visitationem,
1579 4388 1755 4447 morumque

472 4466 688 4525 correctionem
710 4464 855 4540 spectant,
881 4463 1031 4534 ordinare,
1058 4461 1219 4536 moderari,
1244 4465 1361 4539 punire,
1385 4467 1417 4523 et
1430 4467 1591 4543 corrigere,
1611 4487 1687 4544 quae
1700 4487 1755 4546 pro

472 4563 605 4621 utilitate
627 4561 770 4619 dioecesis
791 4559 962 4616 necessaria
982 4557 1178 4618 videbuntur.
1203 4560 1275 4636 Cap.
1305 4562 1335 4620 X
1355 4562 1421 4622 ead.
1445 4563 1526 4626 Sess.

551 4658 601 4718 26.
625 4656 780 4733 Episcopls
803 4655 1004 4714 subiiciuntur
1026 4657 1157 4733 exempti
1179 4661 1302 4736 propter
1316 4661 1457 4720 officiaiu
1471 4661 1616 4726 honorem
1637 4665 1756 4724 tanturn

472 4752 553 4812 data.
578 4755 650 4830 Gap.
673 4753 718 4812 XI
739 4751 805 4811 ead.
830 4752 910 4813 Sess
