3872 5694
1037 524 1178 579 -98-

466 704 620 788 temporis
643 703 705 769 sibi
728 703 933 788 praefinitum
955 707 1157 790 prorogetur,
1181 701 1279 767 Sacra
1303 701 1531 788 Congregatio,
1550 701 1635 766 iusta
1658 721 1747 764 acee-

467 829 561 893 dente
585 851 689 908 causa,
713 829 851 893 abnuere
874 850 939 894 non
961 828 1054 894 solet.

556 953 657 1018 Actus
681 953 798 1038 triplex
822 955 881 1033 est,
897 953 930 1018 id
946 957 995 1018 est
1018 953 1160 1020 visitatio
1185 951 1396 1018 Basilicarum
1419 950 1452 1017 S.
1475 950 1563 1016 Petri
1587 953 1620 1014 et
1643 949 1746 1028 Pauli,

466 1077 566 1142 aditio
590 1077 689 1161 ipsius
712 1077 851 1143 Romani
873 1078 1050 1157 Pontificis‚
1074 1077 1187 1144 relatio
1214 1100 1267 1144 ore
1299 1077 1444 1143 facienda
1472 1075 1575 1142 eidem
1602 1075 1748 1140 Romano

465 1200 617 1266 Pontifici
641 1206 673 1266 et
696 1203 815 1287 scripto
846 1204 1001 1269 tradenda
1033 1223 1141 1269 sacrae
1164 1203 1419 1290 Congregationi
1450 1202 1489 1268 de
1520 1205 1609 1268 statu
1636 1201 1749 1266 Eccle-

465 1328 532 1392 siae
564 1349 639 1392 suae
663 1333 732 1393 tum
756 1329 860 1412 quoad
894 1351 955 1410 res,
979 1333 1049 1394 tum
1083 1329 1188 1413 quoad
1211 1351 1362 1413 personas
1392 1329 1483 1394 iuxta
1505 1328 1748 1392 instructionem

466 1453 506 1516 ab
530 1453 601 1538 ipsa
623 1474 713 1536 sacra
736 1453 853 1540 Congr.
879 1453 999 1519 editam
1023 1476 1104 1538 quae
1127 1453 1199 1520 heio
1221 1453 1398 1520 subiicitur.

467 1697 585 1784 Capita
615 1701 730 1783 quibas
756 1703 948 1785 respondere
980 1704 1091 1770 debeat
1132 1701 1258 1769 Vicarii
1283 1701 1460 1784 Apostotiai
1487 1723 1524 1768 aa
1551 1701 1749 1768 Marianam

558 1825 727 1908 Praefecti,
739 1833 775 1892 at
790 1828 829 1894 de
843 1829 1026 1912 repioaabas
1038 1829 1101 1897 sebi
1112 1828 1287 1896 mammeas
1296 1827 1430 1910 pbaam
1452 1824 1487 1892 S.
1505 1824 1751 1910 Conprepattoai

555 1951 741 2016 relationem
768 1951 915 2018 reddant.

547 2177 752 2254 Infraseriptis
774 2180 1000 2254 quaestionibus
1030 2183 1171 2240 acerrrate
1192 2183 1223 2240 et
1243 2181 1377 2258 praecise
1408 2180 1646 2256 respondendum
1677 2182 1746 2253 erit,

465 2276 600 2334 adhibito
621 2277 728 2352 cuique
752 2277 940 2352 responsioni
962 2279 1147 2352 quaestionis
1168 2297 1303 2356 numer03
1321 2280 1347 2336 si
1361 2279 1433 2354 quid
1447 2297 1520 2336 vero
1542 2277 1652 2353 aliquis
1673 2277 1751 2336 farta

466 2374 598 2448 reperiet
620 2374 697 2449 quod
718 2374 756 2432 ad
778 2392 865 2432 suam
887 2376 1065 2434 Missionem
1086 2395 1145 2434 non
1168 2379 1289 2453 spectet,
1315 2377 1342 2435 is
1363 2377 1496 2434 indicare
1510 2376 1623 2452 poterit
1644 2394 1752 2434 nurne-

466 2488 543 2542 rum,
569 2471 674 2528 deinde
696 2471 781 2529 iuxta
802 2471 943 2532 seribere:
976 2473 1153 2549 najaram
1183 2493 1352 2532 aaraeraaa
1372 2493 1433 2532 aaa
1455 2482 1498 2534 est
1518 2474 1603 2550 qaod
1623 2491 1752 2549 respon-

465 2570 570 2629 deam:
591 2572 657 2626 tum
679 2569 716 2626 ad
738 2571 840 2628 cetera
860 2575 976 2646 perget.

545 2667 592 2724 De
614 2667 770 2725 Missioais
792 2669 920 2744 criptae,
940 2687 1120 2745 propressa,
1143 2681 1171 2730 et
1192 2671 1345 2750 confiniis.
1370 2704 1408 2713 —
1432 2671 1458 2730 l.
1485 2671 1583 2729 Breve
1607 2687 1751 2746 compen-

466 2761 548 2822 dium
569 2765 747 2822 historioum
778 2767 859 2824 circa
878 2763 1046 2842 'originem
1082 2787 1284 2844 progressum,
1310 2787 1344 2829 ac
1365 2769 1547 2826 mutationes
1578 2769 1753 2826 vicariatus

466 2863 531 2921 sive
546 2859 760 2922 praefecturae
776 2864 991 2922 conficiendum
1006 2867 1075 2925 erit.
1089 2899 1128 2910 -
1139 2866 1168 2926 2.
1186 2867 1388 2926 Describenda
1401 2867 1539 2938 confinia,
1558 2867 1666 2942 quibus
1680 2883 1754 2923 aon-

466 2961 582 3017 tinetnr
602 2961 793 3018 territorium
815 2961 977 3034 Missionis,
1003 2981 1038 3021 ac
1060 2965 1085 3021 si
1106 2964 1209 3038 aliqua
1226 2965 1306 3021 eirea
1327 2963 1380 3022 illa
1399 2965 1608 3022 controversia
1628 2964 1748 3036 existat,

466 3057 603 3116 rationes
630 3061 827 3133 exponentur.
851 3059 978 3135 Insuper
997 3057 1110 3118 'charta
1139 3059 1356 3136 aorographiea
1385 3060 1568 3132 vicariatus,
1605 3061 1754 3137 siquidem

467 3155 498 3212 in
520 3157 661 3230 promptu
682 3156 788 3214 haberi
809 3157 912 3232 possit,
938 3157 1074 3215 addenda
1094 3157 1144 3214 vel
1166 3157 1273 3216 saltem
1294 3157 1433 3232 deinceps
1454 3157 1699 3217 transmittenda.

548 3253 594 3310 De
617 3253 836 3324 altissioaariis,
871 3273 979 3313 eoram
1000 3251 1164 3330 ‘qualitate
1184 3263 1213 3312 et
1237 3255 1414 3313 idoneitate.
1439 3287 1476 3298 -
1498 3253 1526 3312 3.
1551 3254 1594 3311 De
1615 3256 1754 3330 personis

467 3349 682 3408 ecclesiasticis
703 3353 763 3409 erit
783 3352 990 3428 exponendum
1013 3351 1171 3428 imprimis,
1197 3351 1319 3428 quinam
1348 3353 1410 3410 sint
1437 3351 1624 3410 Missionarii
1646 3351 1755 3426 quibus

467 3464 491 3506 s.
520 3448 720 3506 ministerium
743 3449 939 3508 exercendum
962 3450 993 3506 in
1015 3449 1173 3508 vicariatu
1189 3450 1239 3509 vel
1254 3447 1449 3508 Praefectura
1462 3449 1667 3508 correreditum
1688 3451 1751 3526 est3

467 3561 506 3604 aa
529 3546 706 3606 Saeculares
721 3547 770 3606 vel
784 3547 960 3622 Regulares,
986 3565 1076 3624 quam
1094 3547 1289 3608 idoneitatem
1303 3553 1334 3606 et
1349 3549 1472 3607 vivendi
1492 3549 1641 3606 rationem
1662 3564 1753 3622 prae-

467 3643 610 3717 seferant,
636 3663 675 3702 an
707 3646 855 3705 sufficiens
886 3665 990 3704 eorum
1021 3665 1164 3706 numerus
1190 3648 1230 3706 sit
1250 3666 1305 3724 pro
1337 3647 1515 3708 necessitate
1546 3645 1688 3718 fidelium,
1714 3662 1753 3704 an

468 3744 568 3800 studio
590 3743 712 3818 linguae
735 3745 914 3803 vernaculae
936 3745 1018 3803 illius
1040 3747 1139 3820 gentis
1160 3751 1299 3805 accurate
1320 3745 1392 3804 dent
1412 3762 1542 3820 operam,
1561 3761 1600 3802 an
1614 3743 1683 3801 miti
1700 3759 1753 3802 ra-

467 3841 549 3897 tione
570 3859 644 3914 erga
665 3841 854 3900 Christianos
875 3860 906 3901 sc
927 3847 1044 3917 gerant,
1070 3861 1109 3901 au
1131 3845 1161 3900 in
1187 3856 1271 3901 sacro
1302 3842 1471 3900 ministerio
1498 3841 1661 3899 exercendo
1683 3841 1753 3898 uni-

468 3935 652 3994 formitatem
674 3943 790 3998 curent.
815 3939 941 4016 Insuper
955 3959 993 3997 an
1009 3941 1194 3998 Missionarii
1216 3940 1383 4012 Regulares
1404 3937 1526 4013 regulas
1548 3939 1684 3998 Instituti
1706 3939 1753 3996 sui

467 4050 503 4090 ac
518 4035 698 4107 praesertim
721 4037 782 4094 tria
793 4042 865 4095 vota
876 4037 1089 4096 substantialia
1110 4037 1312 4111 Paupertatis,
1338 4035 1495 4094 Castitatis
1509 4039 1540 4095 et
1560 4037 1753 4096 Obedientiae

470 4127 600 4188 fideliter
621 4136 753 4193 servent:
778 4153 816 4192 an
838 4136 904 4194 Via.
929 4135 978 4192 vel
993 4133 1148 4192 Praefecto
1169 4133 1341 4208 Apostolioo
1362 4133 1454 4190 etiam
1476 4136 1509 4191 ut
1530 4135 1695 4210 regulares
1715 4151 1753 4192 an

468 4225 559 4285 alteri
580 4229 736 4305 Superiori
768 4233 829 4290 sint
860 4233 995 4308 subiecti,
1020 4247 1058 4288 an
1079 4231 1147 4306 plus
1178 4248 1273 4305 aequo
1304 4247 1378 4306 erga
1408 4249 1549 4307 paganos,
1579 4233 1628 4291 vel
1649 4236 1754 4308 prote-

471 4328 587 4383 stantes
608 4329 662 4386 ant
683 4330 899 4400 schismaticos,
925 4329 950 4386 si
976 4329 1018 4386 ibi
1039 4328 1147 4402 adsint,
1181 4329 1377 4404 obsequentes
1399 4329 1469 4408 sint;
1494 4347 1532 4388 an
1554 4348 1590 4388 ex
1611 4331 1753 4389 instituto

469 4424 519 4480 vel
540 4441 575 4480 ex
596 4427 810 4484 eorrsuetudine
833 4443 926 4501 usque
947 4426 985 4482 ad
1006 4429 1133 4484 mortem
1155 4427 1186 4483 in
1208 4427 1352 4486 Missione
1383 4431 1588 4504 perseverent.
1613 4431 1661 4486 An
1683 4429 1753 4486 uni-

468 4522 550 4580 versi
566 4523 753 4581 ,llissionarii
767 4525 797 4581 in
814 4541 869 4582 usu
884 4523 1062 4582 facultatum
1082 4543 1155 4600 quas
1178 4525 1336 4600 accipiunt,
1363 4527 1452 4584 nimis
1467 4527 1545 4584 latus
1566 4527 1753 4602 interpreta-

469 4619 574 4690 tiones,
594 4637 628 4676 aa
642 4619 819 4677 facilitatem
835 4620 1061 4696 improbandam
1077 4626 1251 4698 sequantur.
1266 4657 1304 4666 -
1320 4625 1348 4682 4.
1366 4623 1428 4681 Neo
1450 4623 1753 4701 praetermittendum

470 4716 496 4770 si
511 4717 695 4774 Missionarii
717 4717 844 4774 alterius
866 4717 1038 4778 Vieariatus
1053 4723 1106 4778 aut
1121 4720 1332 4780 Praefecturae
1353 4721 1455 4798 aliqua
1476 4722 1639 4780 rationein
1654 4723 1755 4780 admi-

469 4811 680 4871 nistrationem
702 4814 842 4889 propriae
863 4816 1017 4876 llissionis
1039 4835 1103 4877 sese
1124 4819 1323 4879 immisceant.
