3906 5690
822 504 942 556 ῃ7..

244 682 350 745 torum
372 679 501 746 nomina
525 681 690 745 convocari
716 685 791 745 tunc
808 681 928 754 debent,
946 681 1148 749 Consultores
1171 683 1333 749 Dioecesis
1354 684 1404 750 vel
1421 683 1519 751 Dice·

243 804 371 885 casium,
395 804 542 888 equibus
558 827 640 870 nova
663 805 824 870 Dioecesis
848 807 987 871 fornrata
1011 811 1059 872 est
1074 812 1108 872 at
1122 807 1274 874 Rectores
1298 810 1519 876 inamovibiles

242 951 343 995 novae
367 929 537 996 Dioecesis.
562 930 708 1016 Ipsorum
735 933 806 1012 erit,
831 937 894 998 tres
919 955 997 1016 quos
1021 934 1134 1022 dignos
1163 936 1415 1002 existimaverint
1439 937 1518 1022 Epi·

240 1058 344 1140 scopis
368 1055 553 1120 Provinciae
570 1057 729 1135 exhibere,
754 1080 833 1141 quos
856 1057 888 1122 hi
906 1081 981 1142 prae
1006 1059 1105 1124 oculis
1121 1060 1239 1125 habere
1255 1062 1371 1126 dehent
1395 1063 1426 1126 in
1443 1085 1518 1147 pro-

242 1182 395 1266 ponendis
419 1181 491 1246 Sedi
517 1183 723 1267 Apostolicae
747 1183 933 1262 candidatis,
957 1189 994 1248 ut
1017 1186 1160 1270 superius
1184 1187 1330 1252 diximus.

330 1307 366 1374 In
404 1307 567 1374 Australis
601 1310 711 1374 eadem
745 1309 811 1374 fere
838 1308 1007 1374 methodus
1040 1311 1209 1377 adhibetur
1243 1335 1281 1378 ac
1314 1313 1348 1377 in
1374 1311 1520 1380 Statibus

240 1431 425 1498 Foederatis
450 1433 615 1500 Americae
639 1433 926 1519 Septumtrionalis.
1426 1435 1430 1444 '

328 1557 365 1624 In
389 1557 520 1645 Anglia,
536 1559 590 1624 ubi
613 1564 688 1626 sunt
703 1560 851 1645 Capitale
867 1560 1080 1642 Gathedralia,
1097 1562 1298 1649 Dignitarius
1318 1568 1351 1628 et
1367 1565 1518 1632 Canoniei

240 1683 401 1750 Ecclesiae
425 1685 573 1750 viduatae
596 1685 762 1751 convenire
795 1685 920 1766 debent,
944 1687 1143 1771 praesidente
1171 1687 1432 1775 Archiepiscopo‚
1456 1690 1517 1768 vel,

239 1810 266 1876 si
289 1810 357 1894 ipse
373 1809 601 1894 impedimento
617 1810 807 1876 distineatur
822 1815 878 1876 ant
893 1809 932 1875 de
948 1811 1223 1897 archiepiscopatu
1241 1819 1374 1880 vacante
1390 1819 1516 1901 agatur,

240 1935 399 2022 Episcopo
423 1936 556 2016 seniore,
580 1936 635 2020 qui
659 1940 766 2001 tamen
801 1935 923 2002 nullam
955 1937 988 2000 in
1024 1959 1061 2002 eo
1095 1939 1227 2024 negotio
1251 1943 1376 2023 partem
1409 1939 1517 2006 habet.

239 2059 379 2126 Subinde
403 2060 588 2145 capitularis
611 2065 701 2126 aetus
724 2062 900 2126 transmitti
935 2063 975 2126 ad
998 2062 1282 2148 Archiepiscopum
1306 2055 1421 2130 vel'ad
1445 2063 1519 2131 Suf-

239 2185 427 2272 fragaueum
450 2185 662 2270 antiquiorem
687 2186 790 2265 debet,
815 2191 851 2250 ut
878 2187 1060 2252 convocatis
1084 2187 1262 2273 Episcopis,
1285 2189 1357 2274 ipsi,
1393 2189 1519 2255 collatis

238 2310 387 2396 consiliis,
412 2311 495 2376 circa
518 2311 581 2376 tria
603 2311 733 2376 nomina
763 2309 966 2395 alphabetico
988 2313 1097 2378 ordine
1119 2313 1300 2399 conscripta
1324 2315 1364 2380 ad
1387 2314 1517 2381 Sacram

238 2435 529 2522 Congregntionem
552 2436 701 2518 referant,
726 2457 849 2501 annexu
873 2436 911 2502 de
934 2437 1069 2523 siugulis
1093 2439 1322 2504 commendatis
1345 2440 1472 2506 iudicio.

326 2559 364 2626 In
387 2559 496 2626 Scotia
519 2561 629 2626 eadem
652 2561 742 2648 viget
764 2561 933 2627 methodus
958 2583 996 2626 ac
1018 2562 1052 2627 in
1076 2561 1206 2648 Anglia.

326 2685 363 2750 In
376 2685 532 2751 Hibernia
546 2685 814 2770 Metropolitanus
826 2685 1025 2765 Provinciae,
1038 2685 1154 2751 litteris
1166 2687 1375 2754 mandatariis
1387 2688 1517 2755 Vicario

238 2809 415 2896 capitulari
438 2811 575 2877 indicere
599 2811 703 2892 debet,
720 2814 756 2876 ut
779 2810 812 2874 in
828 2810 911 2876 diem
928 2809 1118 2896 vigesimum
1135 2833 1154 2876 a
1170 2811 1245 2877 dato
1262 2813 1367 2878 edicto
1383 2813 1517 2879 advocet

236 2957 345 3002 omnes
368 2959 503 3022 quorum
527 2937 604 3004 iuris
631 2943 679 3002 est
714 2936 934 3002 commendare
968 2933 1100 3001 Summo
1136 2935 1287 3002 Pontifici
1321 2939 1517 3006 candidatos.

237 3061 298 3140 uui
321 3068 429 3130 autem
452 3063 619 3130 convocari
642 3063 758 3129 debent
785 3066 861 3128 sunt
883 3061 1031 3142 Parochi,
1058 3083 1113 3128 seu
1150 3061 1263 3128 Clerici
1299 3063 1339 3128 ad
1374 3065 1517 3130 ordinem

236 3189 463 3256 sacerdotalem
480 3189 592 3266 evecti,
608 3209 810 3254 censurarum
826 3188 993 3266 immunes,
1010 3187 1127 3271 quique
1143 3188 1318 3272 paroeciae,
1335 3210 1391 3256 seu
1404 3212 1516 3274 paroe-

236 3315 356 3378 ciarum
379 3316 539 3380 unitarum
564 3314 682 3380 actuali
706 3337 742 3380 ac
773 3314 907 3398 pacifica
941 3313 1139 3397 possessione
1171 3314 1323 3399 gaudent.
1357 3313 1418 3380 Ubi
1441 3338 1516 3381 vero

239 3435 329 3496 adest
341 3435 533 3518 Capitulum,
551 3439 743 3502 convocandi
756 3443 831 3503 sunt
847 3460 919 3502 cum
934 3437 1087 3503 Parochis
1104 3438 1202 3502 etiam
1218 3439 1380 3504 Canonici.
1397 3440 1517 3506 Eorum

239 3556 379 3623 comitiis
402 3560 581 3642 praesidere
597 3561 691 3624 debet
712 3559 981 3643 Metropolitanus
996 3561 1048 3625 vel
1064 3583 1144 3625 unus
1161 3562 1198 3624 de
1219 3561 1436 3643 Suffraganeis
1451 3564 1517 3626 eius

238 3681 405 3768 Episcopis
429 3683 470 3748 ab
494 3683 566 3768 ipso
590 3665 765 3768 delegatus,
790 3687 823 3746 et
852 3683 1008 3766 siquidem
1037 3683 1075 3746 de
1106 3682 1353 3765 metropolitana
1376 3681 1519 3746 Ecclesia

239 3813 372 3874 vacante
396 3812 524 3894 agatur,
542 3807 718 3892 Episcopus
740 3807 846 3872 senior
861 3807 945 3874 inter
966 3806 1202 3894 Suffraganeos.
1220 3805 1335 3872 Omnes
1351 3828 1426 3872 vero
1442 3827 1518 3871 con·

236 3935 375 4021 gregati,
414 3933 571 4019 praestito
599 3933 800 4000 iureiurando
831 3933 970 4020 eligendi
1005 3955 1099 4018 quem
1131 3933 1263 4019 dignum
1297 3933 1517 4012 iudicaverint,

103 4031 110 4052 ι’
236 4059 391 4146 suffragia
413 4059 528 4125 ferent.
545 4059 669 4124 Exinde
685 4059 801 4145 duplex
825 4059 988 4144 exemplar
1004 4064 1093 4124 actus
1109 4058 1337 4124 conficiendum
1354 4061 1418 4136 est;
1436 4080 1515 4143 quo·
1608 4115 1617 4128 .
1651 4117 1656 4126 .

236 4207 306 4250 rum
330 4184 466 4251 alterum
490 4185 637 4252 Vicarius
669 4185 708 4250 ad
732 4185 954 4283 Apostolicam
987 4183 1100 4250 Sedem
1129 4185 1357 4264 transmittere,
1381 4183 1517 4250 alterum

117 4289 130 4399 ζ
237 4332 311 4375 vero
335 4310 585 4396 Metropolitano
619 4312 744 4378 tradere
767 4312 871 4391 debet,
905 4311 994 4377 cuius
1018 4333 1133 4376 mrruus
1162 4311 1224 4375 erit
1246 4309 1330 4376 idem
1353 4309 1515 4395 exemplar

117 4412 128 4485 i
235 4435 276 4500 ad
299 4433 525 4523 Suffragaueos
548 4459 621 4502 suos
644 4437 822 4522 Episcopus
845 4437 878 4502 iu
902 4459 999 4502 unum
1016 4439 1230 4523 congregatos
1252 4436 1380 4516 referre,
1398 4435 1452 4519 qui
1476 4435 1514 4500 de

123 4560 135 4591 ‘'
237 4561 317 4626 actis
340 4561 492 4627 iudicium
525 4562 778 4646 sententiamque
810 4583 900 4626 suam
924 4561 1037 4626 ferent.
1061 4560 1206 4644 Denique
1231 4559 1362 4624 Praeses
1384 4558 1516 4643 Episco-

116 4683 130 4748 ἱ
181 4676 189 4686 ’
237 4708 349 4770 porum
376 4685 657 4772 suffraganeorum
690 4687 882 4752 senteutiam
915 4686 953 4751 de
988 4685 1109 4752 meritis
1144 4685 1243 4750 trium
1277 4685 1516 4750 candidatorum

123 4757 161 4938 ἴ
235 4810 354 4876 litteris
379 4813 600 4898 consignatam
623 4812 867 4897 uniuscuiusque
900 4811 1051 4896 Episcopi
1083 4816 1116 4875 et
1139 4809 1298 4874 Praesidis
1321 4833 1417 4876 manu
1440 4811 1515 4874 sub-

133 5057 147 5107 ἐ

129 5121 146 5178 i

132 5233 149 5293 i
