3906 5690
1001 475 1143 529 ...54-

432 656 578 721 nationes
604 677 663 756 pro
687 655 802 740 quibus
819 645 997 720 'facultates
1018 648 1141 718 habent
1163 643 1324 718 Ordiuarii
1339 651 1380 715 'ui
1396 650 1534 718 (lenonis
1560 651 1719 718 Terralae

431 781 479 844 ita
502 799 535 844 se
557 779 723 872 habentis:
752 781 765 811 ⁸
792 777 940 844 Terruias
964 781 1020 844 aut
1043 775 1185 842 vineolas
1201 767 1342 862 'exiguas
1366 779 1400 840 et
1423 775 1586 840 Ecclesiae
1609 775 1716 842 minus

432 905 538 984 utiles,
562 910 619 970 aut
641 897 741 992 longe¹
762 905 895 990 positas,
917 925 1044 988 parvas,
1068 901 1246 988 Episcopus
1269 901 1337 968 sine
1359 900 1492 966 consilio
1516 901 1664 980 fratrum,
1687 901 1715 966 si

432 1029 604 1095 necessitas
626 1029 735 1108 fuerit,
760 1027 957 1094 distrahendi
980 1021 1100 1092 habeat
1122 1030 1317 1112 potestatam
1344 1072 1371 1105 ,.
1395 1024 1583 1090 Notandum
1606 1029 1716 1091 autem

433 1158 482 1220 est
505 1154 590 1238 quod
613 1153 785 1219 facultates
809 1154 900 1233 istae,
918 1174 996 1237 quas
1013 1151 1173 1218 Ordinarii
1195 1152 1318 1218 habent
1341 1151 1373 1215 ri
1389 1151 1527 1216 (lenonis
1549 1150 1716 1230 Terrulas,

433 1283 595 1363 nequeunt
618 1278 756 1344 exerceri
771 1279 833 1343 nisi
857 1300 930 1342 cum
952 1276 1157 1343 valor'fundi
1178 1277 1321 1341 modicus
1338 1276 1391 1354 sit,
1404 1297 1460 1340 seu
1476 1274 1561 1340 infra
1584 1277 1626 1340 25
1642 1297 1716 1340 scu-

434 1407 505 1468 tata
521 1424 618 1467 aurea
633 1385 672 1467 de
696 1425 832 1482 camera,
849 1424 930 1487 quae
945 1401 1149 1486 aequivalent
1163 1400 1282 1466 libellis
1297 1400 1415 1466 italicis
1432 1401 1514 1465 235:
1530 1399 1591 1464 nisi
1607 1403 1717 1465 tamen

432 1525 496 1602 loci
526 1527 721 1592 consuetudo
750 1527 913 1592 induxerit
944 1530 981 1592 ut
1013 1526 1116 1591 dictus
1146 1525 1237 1590 valor
1260 1525 1359 1590 etiam
1389 1523 1531 1589 modicas
1558 1523 1718 1590 habeatur

434 1651 561 1735 quando
584 1655 711 1717 scutata
735 1653 777 1717 50
801 1655 949 1716 monetae
971 1671 1122 1716 romanae
1145 1669 1211 1718 non
1234 1651 1376 1715 excedat.
1401 1648 1593 1714 Concurrere
1617 1649 1716 1713 etiam

433 1775 527 1840 debet
550 1777 636 1844 iusta
652 1797 747 1842 causa
770 1775 1011 1842 Ordinariorum
1026 1777 1144 1842 iudicio
1161 1775 1379 1861 comprobata.
1405 1773 1453 1840 uf.
1476 1773 1580 1840 Pauus
1598 1771 1715 1840 Comae.

432 1901 470 1967 ira
485 1898 592 1966 (locat.
615 1899 680 1983 Ap.
704 1900 742 1965 T.
758 1900 800 1980 V,
823 1900 908 1966 Sect.
933 1903 963 1979 2,
979 1923 1011 1964 n.
1028 1902 1081 1966 39.
1102 1899 1178 1968 Non
1200 1904 1335 1983 possunt
1358 1903 1466 1964 autem
1481 1898 1601 1964 Vicarii
1618 1899 1716 1983 Capi·

433 2024 553 2090 talares
576 2024 616 2088 iis
639 2023 849 2088 facultatibus
872 2023 921 2088 uti
944 2023 1027 2088 circa
1050 2023 1135 2088 bona
1153 2045 1280 2087 mensae
1304 2023 1493 2108 episcopalis
1516 2023 1660 2090 vacantis
1684 2029 1718 2089 et

433 2148 618 2214 uacantium
641 2147 846 2214 ecclesiarum
870 2151 902 2212 et
924 2145 1162 2214 beneficiorum.
1185 2145 1298 2232 Neque
1321 2147 1434 2212 itidem
1458 2147 1618 2213 Ordinarii
1640 2169 1717 2232 pos·

436 2275 513 2336 suut
534 2273 566 2336 vi
590 2272 682 2337 citati
712 2272 842 2338 canonis
877 2271 1047 2336 concedere
1069 2273 1104 2336 in
1127 2273 1361 2357 emphyteusim
1384 2275 1571 2358 perpetuam
1601 2273 1718 2338 fundos

434 2396 577 2461 valorem
602 2397 643 2462 25
668 2419 837 2462 aureorum
869 2397 1065 2461 excedentes.
1090 2395 1159 2463 Suc.
1184 2397 1276 2462 Coae.
1300 2397 1373 2462 Ere.
1399 2401 1431 2462 et
1454 2397 1532 2462 Rea.
1556 2399 1590 2462 in
1621 2397 1718 2464 lustr.

435 2521 512 2585 date
527 2543 578 2586 an.
594 2521 690 2587 1760.
702 2503 847 2586 Pretium
862 2521 1097 2586 divenditarum
1113 2542 1220 2587 rerum
1235 2521 1267 2586 vi
1279 2521 1454 2604 supradicti
1471 2523 1610 2602 canonis,
1622 2523 1719 2590 debet

434 2645 544 2718 favore
567 2645 730 2711 Ecclesiae
753 2647 912 2732 occupari,
928 2645 990 2711 hoc
1006 2650 1065 2725 est,
1081 2649 1118 2710 ut
1140 2645 1238 2732 vulgo
1262 2645 1433 2730 loquimur,
1450 2645 1604 2732 investiri,
1620 2653 1719 2733 prout

436 2747 562 2836 caverit
579 2771 606 2836 is
624 2771 678 2854 qui
702 2770 929 2836 alienationem
952 2769 1107 2854 permisit,
1124 2773 1157 2835 et
1180 2769 1207 2836 si
1230 2769 1257 2835 is
1272 2769 1320 2834 uil
1343 2773 1472 2850 caverit,
1497 2771 1718 2838 collocandam

437 2897 500 2960 erit
522 2916 610 2960 more
633 2895 709 2959 boni
732 2895 834 2988 patris
857 2893 1007 2958 familias.
1023 2891 1098 2958 Non
1114 2894 1191 2959 licet
1214 2899 1322 2958 autem
1339 2917 1376 2958 eo
1392 2896 1523 2978 praedia
1538 2897 1718 2976 meliorare,

435 3040 483 3083 ex.
497 3039 546 3103 gr.
560 3039 598 3081 ex
614 3021 707 3102 prato
724 3017 879 3082 olivetum
895 3017 1012 3098 facere,
1026 3017 1264 3083 meliorationes
1282 3018 1367 3082 enim
1384 3018 1578 3083 accessiones
1593 3023 1668 3083 sunt
1684 3025 1719 3085 et

433 3264 583 3334 tinguendi
602 3265 702 3319 annuis
720 3265 790 3320 ratis
810 3265 846 3320 ab
864 3266 925 3336 ipso
945 3265 1083 3336 Episcopo
1108 3263 1322 3334 praefiniendia;
1343 3264 1379 3319 ad
1405 3280 1488 3334 quem
1515 3263 1646 3321 effectum
1672 3265 1717 3321 de·

434 3353 581 3410 terminati
599 3353 688 3424 aliqui
707 3353 842 3409 ecclesiae
861 3355 985 3410 eiusdem
1003 3354 1129 3410 redditus
1143 3357 1225 3410 erunt
1238 3353 1411 3424 assignandi,
1426 3369 1459 3408 aa
1471 3353 1589 3424 singulis
1607 3353 1717 3410 vicibus

434 3441 593 3513 deponendi
611 3443 641 3496 in
660 3459 746 3513 capsa
764 3443 885 3514 publica,
905 3445 951 3499 vel
969 3459 1055 3514 penas
1079 3444 1229 3499 honestam
1248 3446 1334 3512 atque
1351 3443 1482 3498 idoneam
1508 3459 1665 3513 personam,
1684 3445 1719 3498 ut

436 3551 485 3589 suo
503 3535 630 3602 tampore
648 3531 777 3588 investiri
795 3532 913 3603 possint.

506 3623 530 3677 5.
552 3621 620 3678 Oura
639 3639 704 3678 vero
723 3621 865 3678 Ecclesiae
883 3623 1031 3692 pecuniam
1049 3621 1180 3678 investiri
1198 3621 1354 3693 contingat,
1368 3622 1423 3677 dno
1442 3621 1580 3690 imprimis
1600 3621 1719 3690 diligen·

434 3711 544 3767 tissime
562 3713 687 3766 curanda
717 3713 813 3767 erunt:
838 3709 960 3781 primum
990 3715 1023 3767 ut
1041 3729 1059 3766 a
1077 3710 1268 3768 contractibus
1298 3711 1429 3766 ineundis
1460 3710 1544 3782 longe
1563 3711 1661 3780 procul
1680 3710 1720 3766 sit

435 3799 551 3869 quaevis
570 3800 698 3854 usuraria
715 3801 801 3867 labes,
821 3801 942 3856 secundo
960 3803 993 3857 at
1010 3800 1153 3855 Ecclesiae
1171 3799 1354 3855 indemnitati
1382 3803 1496 3853 cautum
1525 3799 1578 3854 sit:
1597 3798 1719 3868 ideoque

434 3905 492 3943 non
510 3888 662 3943 collocetur
680 3889 804 3944 eiusdem
823 3889 942 3959 pecunia
960 3889 1016 3944 nisi
1035 3889 1111 3958 apud
1128 3889 1262 3944 honestas
1281 3891 1311 3943 et
1328 3887 1444 3943 idoneas
1463 3905 1597 3957 personas
1617 3929 1624 3954 ,
1644 3905 1719 3958 quae

434 3979 581 4046 praestant
598 3977 811 4047 hypotecariam
841 3977 1063 4048 inscriptionem,
1083 3977 1128 4033 vel
1146 3978 1248 4033 saltam
1266 3976 1397 4032 idoneam
1416 3975 1591 4042 cautionem
1610 3994 1719 4032 omnes·

414 4050 489 4133 *que
508 4063 666 4120 huiusmodi
686 4069 847 4122 contractus
873 4065 993 4136 publicis
1021 4065 1126 4122 tabulis
1145 4085 1196 4137 pro
1215 4069 1327 4136 recepto
1346 4065 1494 4136 regionum
1521 4083 1598 4121 more
1629 4065 1719 4122 consi·

433 4156 564 4223 guantur.

506 4241 530 4297 6.
550 4241 678 4312 Denique
696 4242 727 4297 in
746 4242 933 4302 locationibus
951 4245 1088 4300 bonorum
1108 4243 1362 4300 ecclesiasticorum
1382 4243 1537 4298 cavendum
1558 4245 1609 4308 est,
1628 4246 1660 4298 ut
1679 4243 1720 4298 lo-

434 4331 560 4386 cationes
578 4331 741 4400 praedictae
760 4333 831 4388 fiant
848 4333 923 4389 iusto
943 4334 1042 4403 pretio,
1062 4336 1148 4403 atque
1166 4337 1199 4388 ut
1218 4350 1329 4387 annuae
1342 4332 1531 4402 responsionis
1545 4331 1647 4388 solutio
1660 4349 1719 4387 non

434 4421 485 4476 liat
504 4420 660 4490 anticipato
679 4419 709 4475 in
737 4421 939 4491 praeiudicium
969 4439 1168 4478 successorum.
1192 4421 1257 4478 Non
1279 4421 1376 4477 licebit
1404 4425 1499 4476 autem
1527 4419 1720 4476 ecclesiastica

434 4510 510 4565 bona
527 4509 620 4566 locare
638 4507 715 4565 ultra
732 4510 886 4566 trienninm
896 4535 903 4578 ;
927 4511 1032 4581 putarit
1059 4514 1154 4567 autem
1185 4510 1357 4578 ordinariae,
1377 4511 1401 4565 si
1420 4510 1572 4580 specialem
1591 4509 1626 4564 ab
1646 4509 1720 4578 Apo·

435 4599 535 4654 stolica
554 4599 625 4655 Sede
644 4615 728 4669 super
746 4599 918 4656 alienatione
935 4601 1072 4657 bonorum
1091 4599 1345 4656 ecclesiasticorum
1365 4599 1534 4655 facultatem
1553 4585 1719 4662 obtinuerit,

435 4687 597 4755 permittere
616 4692 648 4744 ut
660 4687 814 4745 locationes
833 4689 996 4758 praedictae
1015 4689 1086 4747 flant
1104 4690 1191 4746 etiam
1209 4689 1286 4746 ultra
1303 4689 1480 4760 praedictum
1499 4691 1619 4759 tempus,
1639 4687 1720 4743 dum·

434 4775 517 4830 modo
536 4793 593 4831 non
611 4778 730 4834 excedat
747 4777 926 4834 novennium.
