3906 5690
828 499 968 556 ..23-

604 697 626 776 ἓ
650 695 709 762 IV.
736 731 775 740 —
801 695 853 760 Du
878 693 1190 760 Cossacasrmnn.

344 925 578 1012 Episcoporum
608 925 804 992 consecratio
835 929 884 992 est
915 924 1047 991 Summo
1071 925 1223 990 Pontifici
1246 929 1417 1006 reservata,
1441 931 1475 991 et
1504 927 1537 990 in

256 1073 405 1137 praesens
427 1053 477 1119 ius
500 1056 549 1118 est
572 1053 675 1118 eidem
697 1051 848 1116 Pontifici
870 1051 1077 1137 praecipuum
1101 1073 1172 1116 eam
1203 1073 1357 1139 peragere
1381 1052 1432 1116 vel
1466 1052 1539 1116 aliis

254 1179 471 1264 peragendam
494 1177 653 1265 delegare.
670 1177 785 1244 Basso.
802 1177 881 1272 XIV
895 1177 1004 1244 const.
1023 1177 1067 1243 In
1076 1183 1246 1260 postremo.
1265 1177 1326 1254 Qui
1343 1199 1417 1243 vero
1437 1177 1539 1244 facul·

256 1307 358 1368 tatem
381 1303 502 1370 babent
525 1295 776 1370 consecratorem
793 1303 942 1390 eligendi,
959 1303 1076 1369 debent
1091 1303 1214 1369 Romae
1231 1303 1349 1390 eligere
1366 1307 1422 1368 aut
1438 1325 1538 1368 unum

255 1450 295 1492 ex
317 1427 538 1494 cardinalibus
562 1427 736 1514 episcopali
752 1427 934 1494 charactere
949 1428 1150 1515 insignitum,
1168 1431 1224 1494 aut
1245 1428 1384 1514 aliquem
1401 1450 1440 1492 ex
1457 1449 1537 1512 qua·

254 1556 329 1618 tuor
352 1551 548 1618 Patriarchis
570 1553 603 1618 in
626 1553 703 1618 urbe
712 1553 940 1619 residentibus.
957 1551 991 1618 Si
1006 1551 1113 1618 nullus
1129 1575 1168 1617 ex
1183 1552 1233 1618 bis
1257 1552 1398 1618 delatum
1423 1575 1537 1617 munus

256 1681 411 1762 acceptet,
435 1677 485 1742 fas
508 1681 556 1742 est
579 1677 740 1774 Episcopo
765 1679 852 1742 adire
875 1677 974 1742 alium
997 1699 1227 1762 quemcumque
1251 1677 1539 1762 Archiepiacopum

257 1801 307 1866 vel
331 1802 537 1888 Episcopum.
555 1802 646 1879 Quod
668 1803 696 1868 si
719 1803 757 1868 de
781 1801 991 1888 Suffraganeo
1015 1801 1227 1868 consecrando
1249 1807 1378 1888 agatur,
1393 1807 1426 1867 εὴ
1443 1825 1538 1888 prae-

256 1949 328 1992 sens
357 1927 391 1992 in
421 1927 498 1992 urbe
530 1928 574 1992 sit
605 1928 672 1993 eius
695 1927 914 2012 Metropolita,
938 1927 1013 1993 huic
1037 1927 1233 1993 consecratio
1262 1926 1439 2014 deleganda
1467 1927 1538 1991 erit.

257 2050 372 2117 Basso.
394 2049 474 2117 XIV
498 2051 607 2118 Const.
631 2052 686 2117 cit.

345 2176 446 2242 Porro
470 2177 703 2262 Episcoporum
736 2177 930 2242 consecratio
964 2177 1014 2241 die
1046 2177 1205 2242 dominica
1235 2175 1286 2241 vel
1317 2176 1351 2240 in
1374 2175 1539 2240 natalibus

257 2303 488 2388 Apostolorum
511 2301 703 2388 regulariter
724 2302 907 2388 peragenda
930 2305 988 2382 eat,
1013 2306 1046 2366 et
1068 2306 1197 2386 praeter
1222 2300 1431 2386 principalem
1457 2323 1535 2365 eon·

256 2432 449 2494 sectatorem
472 2429 534 2494 duo
551 2431 735 2494 assistentes
751 2427 902 2512 Episcopi
918 2427 1027 2492 adesse
1043 2427 1169 2493 debent.
1187 2425 1350 2512 Siquando
1366 2426 1539 2492 necessitas

255 2553 398 2637 postulet
420 2552 470 2618 vel
487 2553 729 2638 impossibilitas
745 2553 828 2618 adsit
843 2556 908 2617 tres
924 2551 1062 2618 habendi
1085 2551 1274 2636 Episcopos,
1291 2549 1430 2616 Romani
1450 2549 1538 2615 Pon·

257 2675 352 2742 tificis
376 2677 437 2741 erit
459 2676 625 2762 indulgere
648 2681 685 2742 ut
709 2677 904 2741 consecratio
929 2677 969 2740 ab
993 2696 1056 2740 uno
1080 2675 1138 2740 fiat
1169 2675 1330 2760 Episcopo
1362 2696 1434 2740 cum
1458 2675 1540 2739 assi-

256 2800 376 2866 stentia
399 2800 535 2866 duorum
564 2799 783 2880 Sacerdotem,
809 2799 919 2883 quiin
942 2799 1101 2885 dignitate
1125 2798 1340 2864 ecclesiastica
1370 2799 1539 2864 constituti

257 2925 333 3007 sint,
357 2925 409 2991 vel
432 2925 531 2990 etiam
554 2947 573 2990 a
596 2924 665 2990 solo
688 2925 849 3010 Episcopo
867 2925 986 3008 absque
1002 2923 1068 2988 ulla
1084 2923 1277 3003 assistentia,
1295 2927 1332 2988 ut
1346 2944 1441 3008 saepe
1464 2945 1539 2988 usu·

258 3051 404 3116 venitin
427 3050 505 3116 locis
528 3067 689 3116 sacrarum
712 3050 909 3115 missionum.

229 3203 232 3208 ·
345 3176 459 3262 Itaque
482 3176 661 3261 Episcopus
677 3175 857 3260 postulatus
875 3179 908 3240 et
931 3175 1097 3255 admissus,
1114 3169 1301 3240 vel'electus
1317 3177 1350 3238 et
1366 3172 1537 3238 confirma·

258 3306 320 3381 tus,
337 3302 423 3366 intra
438 3306 504 3366 tres
519 3323 642 3367 menses
658 3301 698 3366 ab
715 3302 782 3368 eius
795 3301 1026 3386 approbatione
1038 3300 1215 3366 consecrari
1230 3300 1334 3366 debet.
1348 3297 1538 3366 (loscann.

260 3423 343 3486 Sess.
366 3423 487 3501 XXIII,
511 3425 588 3508 Gap.
604 3423 637 3490 II
659 3427 697 3490 de
725 3424 865 3508 Reform.
883 3425 975 3501 Quod
997 3425 1025 3489 si
1048 3424 1134 3490 ultra
1150 3429 1215 3488 tres
1231 3445 1354 3489 menses
1371 3445 1543 3488 consecra·

261 3543 382 3608 tionem
415 3543 585 3623 distulerit,
617 3546 763 3631 legitimo
791 3548 1019 3631 impedimento
1055 3568 1119 3612 non
1152 3547 1310 3624 detentus,
1342 3550 1471 3610 tenetur
1501 3547 1541 3609 ad

259 3668 421 3734 fruetuum
444 3667 682 3734 restitutionem
705 3691 784 3752 quos
807 3671 847 3732 ab
871 3669 1015 3734 Ecclesia
1037 3669 1192 3753 percepit,
1215 3671 1248 3730 et
1263 3667 1290 3731 si
1306 3688 1362 3749 per
1379 3665 1458 3730 alios
1474 3670 1542 3730 tres

259 3815 383 3859 menses
417 3815 488 3858 eam
517 3773 738 3872 retardaverit,
762 3791 906 3858 Ecclesia
928 3793 998 3877 ipsa
1020 3791 1209 3876 privabitur.
1236 3791 1324 3857 (loro.
1353 3789 1443 3855 Turn.
1466 3788 1489 3853 l.
1514 3811 1541 3854 c.

260 3917 419 3984 Tilulares
436 3918 535 3992 etiam
550 3916 703 4002 Episcopi
718 3918 892 4003 privationi
916 3917 1084 4004 dignitatis
1101 3915 1290 4001 episcopalis
1313 3914 1426 3980 subiici
1449 3919 1541 4000 pote·

260 4047 347 4124 runt,
363 4044 390 4108 si
406 4043 492 4108 intra
507 4065 563 4108 sex
578 4063 701 4108 menses
717 4045 894 4110 consecrari
910 4047 1065 4108 recusent.
1082 4041 1199 4106 stno.
1215 4038 1294 4106 XIV
1310 4040 1418 4106 Sonat.
1437 4041 1543 4122 Quam

152 4251 156 4258 Ι
260 4191 281 4233 o
304 4169 403 4234 aobe's.
419 4167 538 4234 Statim
556 4190 592 4233 ac
615 4168 793 4254 Episcopus
817 4171 1019 4234 consecratus
1042 4167 1205 4233 Ecclesiae
1229 4165 1540 4232 administrationem

260 4275 403 4377 suscipit,
426 4293 496 4379 ipso
523 4293 591 4359 iure
617 4297 734 4360 vacant
756 4294 911 4360 beneficia
938 4293 978 4358 ab
1005 4293 1076 4378 ipso
1099 4313 1254 4378 possessa,
1271 4313 1371 4376 eaque
1390 4291 1537 4356 Romano

260 4417 411 4483 Pontifici
434 4421 596 4483 reservate
618 4419 772 4496 evadunt3
796 4419 882 4502 quod
910 4417 1037 4502 quidem
1066 4439 1132 4483 non
1161 4417 1278 4482 accidit
1307 4417 1340 4481 in
1372 4415 1544 4500 Episcopis

212 4633 214 4636 Ι
261 4543 456 4610 titularibus.
481 4541 593 4618 Quoad
616 4543 926 4608 administrationem
942 4565 1017 4608 vero
1033 4542 1212 4624 notandum
1227 4547 1286 4622 est,
1302 4540 1542 4626 suspensionem

260 4668 407 4734 Romano
431 4667 582 4733 Pontifici
605 4673 799 4733 reservatam
822 4669 892 4752 ipso
916 4667 1003 4733 facto
1026 4668 1186 4733 innumere
1219 4689 1239 4730 a
1271 4687 1400 4731 suorum
1421 4664 1542 4730 benefi-

260 4793 381 4859 ciorum
407 4793 612 4878 perceptione
635 4793 676 4858 ad
698 4791 934 4877 beneplacitum
958 4791 991 4858 S.
1015 4789 1105 4858 Sedis
1129 4789 1279 4877 Capitula
1302 4795 1335 4856 et
1351 4790 1544 4858 Conventus
