3906 5690
822 531 964 586 -67-

248 710 284 768 et
302 705 501 766 redditionem
522 706 651 764 rationis
675 707 799 783 propter
829 706 1123 768 administrationem
1147 708 1303 772 dictarum
1333 708 1538 770 confraterni-

251 807 360 879 tatum,
384 806 417 863 et
436 803 641 880 hospitalium,
666 822 703 863 ex
725 803 797 882 Gap.
821 805 906 868 VIII.
929 808 961 864 et
982 805 1037 866 IX.
1060 805 1141 870 Sese.
1164 807 1266 873 XXII.
1290 809 1329 876 de
1349 809 1424 884 Res.
1446 811 1478 868 et
1501 828 1538 870 ex

251 905 379 962 llecreto
400 903 521 964 66666.
545 902 641 964 Ocno.
664 902 762 962 relato
783 919 803 962 a
822 903 969 978 Fagnana
988 903 1045 966 loc.
1067 905 1120 966 clt.
1144 923 1174 966 n.
1198 905 1249 970 47,

332 999 382 1059 39.
405 999 508 1064 Quoad
528 1001 710 1058 erectionem
740 998 1024 1060 confraternitatum
1056 1003 1121 1064 sine
1151 1019 1299 1070 consensu
1329 1005 1470 1084 episcopi,
1501 1024 1552 1064 ex·

249 1101 347 1158 66661.
371 1098 555 1160 Cannensis
575 1097 649 1156 VIII
674 1097 891 1176 Quaecumque
910 1099 940 1160 7.
964 1099 1096 1164 decemb.
1121 1098 1208 1160 1604.
1231 1102 1250 1178 5
1271 1101 1301 1162 2.

332 1196 381 1256 31.
405 1195 509 1260 Quoad
529 1196 784 1256 constructionem
805 1196 1016 1270 oratoriorum,
1035 1197 1085 1258 vel
1104 1198 1309 1276 cappellarum
1330 1199 1362 1258 in
1382 1200 1456 1262 locis
1477 1218 1536 1260 non

249 1294 398 1370 exemptis
419 1294 484 1354 sina
509 1294 633 1355 licentia
664 1293 813 1372 Episcopi,
838 1295 870 1353 61
899 1295 1131 1356 celebrationem
1161 1297 1324 1359 missarum
1354 1297 1387 1358 in
1417 1298 1533 1370 iisdem,

249 1393 343 1454 ahter
363 1392 554 1466 constructis,
580 1381 769 1468 quocumque
791 1394 934 1470 tempore,
959 1394 991 1450 et
1010 1394 1200 1470 potissimum
1220 1395 1356 1471 ternpore
1386 1395 1537 1470 generalis

251 1491 415 1566 interdicti,
440 1509 477 1550 ex
498 1491 571 1567 Cap.
596 1491 625 1550 4.
649 1491 840 1550 Auctoritate
860 1489 897 1548 de
926 1491 1007 1568 priv.
1030 1489 1112 1552 166.
1147 1492 1236 1552 616611
1266 1493 1299 1552 61
1329 1493 1426 1570 quoad
1445 1493 1537 1572 puni-

250 1590 366 1650 tionem
386 1591 510 1666 proptar
531 1587 764 1650 celebrationem
785 1588 896 1648 mlesae
916 1588 948 1648 in
979 1590 1121 1648 oratoriis
1151 1590 1282 1666 privatis
1302 1590 1538 1652 domicellorum

250 1687 356 1746 diebus
377 1687 520 1764 exceptis,
546 1687 594 1746 vel
615 1689 777 1764 postquam
798 1686 901 1746 eadem
923 1687 971 1746 die
992 1685 1050 1746 fult
1070 1687 1181 1746 ibidem
1201 1688 1262 1746 iam
1283 1688 1436 1750 celebrata
1449 1689 1560 1751 uuica'

252 1787 354 1859 missa,
379 1787 411 1844 in
432 1786 604 1862 Apostolico
625 1783 742 1843 indulto
762 1801 911 1858 concessa,
940 1803 977 1843 ex
1007 1783 1126 1843 decreto
1157 1785 1255 1848 Gonu.
1279 1786 1430 1848 caucin
1452 1789 1538 1850 Nea-

246 1885 394 1960 politana
415 1881 454 1942 30
476 1883 549 1942 maii
572 1881 661 1943 1699.
685 1883 717 1942 et
737 1899 774 1940 ex
794 1881 913 1942 decreto
934 1881 1034 1944 Onam.
1056 1881 1112 1944 XI.
1144 1883 1181 1940 de
1212 1883 1362 1942 Oratoriis
1392 1884 1533 1960 privatis,

256 1981 411 2044 06661616
431 1981 549 2041 &ncta
572 1978 619 2040 15.
643 1980 754 2040 decem.
780 1977 868 2038 1703.

335 2077 587 2142 Quemadmodum
608 2080 732 2154 propter
752 2077 1062 2138 616611666166116116
1082 2075 1245 2154 portatilis,
1270 2077 1302 2136 ia
1323 2076 1408 2141 domo
1429 2078 1520 2156 priva

252 2179 365 2250 torum,
389 2179 422 2238 ut
443 2177 484 2234 ibi
511 2177 672 2249 celebrent,
707 2177 739 2234 et
758 2175 912 2236 Viaticum
943 2175 1118 2235 ministrent
1147 2175 1289 2250 reilgioso
1320 2175 1441 2240 infirmo
1472 2175 1537 2238 6166

250 2275 402 2352 Episcopi,
427 2274 477 2334 vel
507 2275 632 2352 parochi
663 2273 787 2332 licentia
819 2291 856 2332 ex
886 2273 1006 2332 decreto
1036 2273 1135 2334 Cous.
1168 2273 1264 2334 Cous.
1297 2273 1328 2334 in
1360 2273 1535 2338 Maeones.

250 2373 293 2432 28
314 2377 390 2450 sept.
416 2371 503 2436 1698.

334 2469 383 2531 32.
406 2471 510 2534 Quoad
531 2470 765 2529 declarationem
787 2469 823 2528 de
844 2470 967 2528 incursu
988 2470 1019 2528 in
1040 2468 1354 2544 excomunicationem,
1378 2468 1405 2528 si
1424 2469 1538 2545 absquo

251 2569 376 2628 licentia
396 2569 545 2646 Episcopi,
570 2568 620 2628 vel
641 2569 764 2644 parochi
785 2568 1030 2628 ministraverint
1049 2566 1135 2626 laicis
1156 2565 1294 2640 infirmis,
1319 2566 1411 2630 etiam
1431 2566 1537 2643 hospi-

231 2663 390 2726 tantibus
411 2668 442 2726 in
463 2684 567 2726 eorum
588 2665 796 2739 conventibus,
821 2665 976 2737 viaticum,
994 2666 1025 2722 61
1038 2666 1204 2724 extremam
1218 2663 1397 2738 unctionem,
1416 2663 1538 2724 61616-

253 2765 435 2826 616611661.
459 2765 607 2842 1161191οεί
628 2764 664 2822 66
684 2765 765 2840 priv.
788 2765 820 2820 et
841 2761 933 2821 etiam
954 2779 990 2820 ex
1010 2760 1155 2838 pluribus·
1169 2760 1422 2821 declaratIonibus
1436 2761 1536 2823 Gonu.

252 2865 350 2926 Corve.
374 2865 406 2923 in
427 2865 554 2922 Nulla'ua
578 2861 615 2920 19
643 2863 719 2938 sept.
756 2857 843 2920 1637.
867 2859 899 2918 16
928 2859 1028 2918 Crem.
1061 2858 1100 2916 27
1130 2857 1190 2918 leb.
1225 2855 1312 2918 1645.
1346 2857 1377 2916 16
1408 2857 1538 2934 Ra'paua

252 2963 273 3021 3
295 2959 478 3039 feb.·1694.,
503 2963 535 3022 61
554 2961 586 3020 16
609 2962 706 3037 Neap.
730 2957 750 3020 5
770 2959 846 3020 iunii
862 2955 951 3018 1710.

334 3062 384 3124 33.
407 3061 510 3128 Quoad
530 3059 716 3138 punItionem
742 3059 867 3136 propter
894 3053 1137 3116 sollicitationem
1167 3055 1199 3112 in
1229 3052 1422 3128 consessione,
1447 3053 1538 3114 sicuti

253 3162 281 3220 si
303 3161 459 3220 docuerint
478 3159 666 3236 poenitentes
688 3172 746 3214 non
769 3154 866 3214 teneri
887 3154 925 3212 ad
946 3152 1206 3214 denunciationem
1226 3150 1402 3212 confessarii
1423 3149 1538 3214 sollici-

252 3261 351 3320 tantis
371 3277 407 3318 ex
436 3260 532 3317 const.
566 3257 667 3318 6666.
701 3254 771 3314 XV.
812 3253 953 3312 Univerui
983 3251 1132 3311 6166116161
1161 3247 1201 3310 39
1231 3249 1354 3326 augusti
1387 3246 1475 3309 1622.
1507 3251 1540 3306 61

253 3359 336 3419 Bru.
358 3358 432 3416 XIV
455 3357 600 3416 Sacram.
624 3353 745 3412 Poeuit.
771 3351 786 3410 l
805 3354 874 3428 jun.
900 3349 987 3410 1741.

336 3455 385 3516 34.
408 3454 511 3519 Quoad
532 3469 639 3512 causas
658 3449 728 3510 fidei
749 3467 786 3510 ex
806 3449 891 3508 Trid.
915 3449 986 3524 Cap.
1011 3447 1050 3508 Il.
1074 3446 1154 3506 Sese.
1171 3445 1210 3505 V.
1226 3445 1266 3505 de
1286 3446 1428 3520 Reform.
1451 3444 1483 3503 et
1502 3461 1539 3502 ex

251 3558 351 3615 const.
374 3554 472 3614 Pnunr
494 3551 533 3612 V.
558 3551 718 3610 Romaanus
740 3548 890 3623 Pontifeoc
913 3545 928 3604 1
951 3547 1028 3624 sept.
1047 3541 1134 3604 1696.
1158 3545 1190 3602 61
1209 3558 1245 3600 ex
1265 3541 1317 3600 cit.
1338 3540 1537 3605 66661666-

253 3673 340 3716 6666
360 3652 430 3712 XV.
1092 3677 1095 3682 ·

335 3749 384 3810 35.
408 3746 512 3813 Quoad
532 3745 676 3806 iudicium
697 3741 891 3813 subeundum,
917 3739 944 3798 si
964 3738 1077 3814 degunt
1097 3738 1184 3796 extra
1201 3732 1394 3808 monasteria,
1419 3730 1537 3790 ratione

253 3849 366 3923 delicti,
391 3847 574 3919 contractus,
599 3845 630 3901 et
650 3843 705 3916 rei,
731 3841 767 3899 da
788 3857 848 3916 qua
867 3838 989 3914 agitur:
1013 3837 1086 3896 item
1115 3833 1212 3911 quoad
1241 3831 1443 3908 cognitionem
1463 3845 1538 3888 can-

253 3965 359 4007 sarum
372 3945 509 4005 civilium
524 3941 704 4014 mercedum,
720 3941 751 3998 et
762 3935 980 3996 miserabilium
991 3951 1205 4012 personarum,
1219 3931 1270 3992 sed
1285 3929 1382 4008 quoad
1395 3927 1538 3988 delictum

253 4045 454 4122 excipIuntnr,
481 4043 507 4100 si
527 4042 644 4100 certum
665 4038 703 4098 ab
724 4035 897 4113 Apostolica
910 4033 986 4094 Sede
1000 4033 1128 4096 iudicem
1143 4031 1339 4090 obtinuerunt
1352 4044 1389 4086 ex
1399 4025 1536 4088 Trident.

254 4146 329 4221 Qap.
351 4143 436 4203 XIv.
460 4141 541 4202 Sese.
565 4137 635 4200 VII.
658 4139 746 4196 etex
767 4135 840 4210 Gap.
865 4133 893 4194 1.
925 4133 1060 4192 Veientes
1080 4131 1116 4190 da
1136 4129 1241 4208 privil.
1264 4125 1346 4188 166.

335 4239 385 4302 36.
398 4238 503 4305 Quoad
515 4237 716 4313 cognitionem
730 4235 762 4293 et
775 4231 973 4292 difinitionem
986 4247 1155 4302 6666616111,
1174 4243 1250 4304 quae
1264 4225 1402 4302 cognosci
1416 4223 1540 4284 debuis-

255 4342 325 4401 sent
344 4339 383 4398 ab
404 4355 508 4398 eorum
529 4334 678 4394 iudicibus
698 4319 972 4404 conservatoribus,
998 4329 1024 4388 si
1048 4327 1097 4388 his
1128 4327 1194 4388 ausi
1224 4325 1340 4384 fuerint
1368 4323 1459 4382 ahter
1479 4322 1534 4394 nti,

254 4455 346 4516 qnam
366 4437 453 4496 iuxta
472 4433 601 4494 formam
621 4431 842 4508 praescriptam
861 4446 881 4488 a
901 4428 1065 4490 Gannomo
1085 4425 1155 4488 XV.
1187 4425 1284 4485 const.
1318 4420 1539 4482 Sanctissimae

254 4535 306 4597 20.
331 4537 406 4613 sept.
432 4531 520 4592 1621.

336 4633 385 4693 37.
401 4630 506 4696 Quoad
519 4628 737 4690 absolutionem
748 4643 767 4686 a
778 4624 971 4702 suspensione
984 4623 1107 4684 incursa
1117 4621 1154 4680 ob
1164 4618 1400 4680 benedictionem
1414 4614 1539 4701 666116-

254 4732 317 4792 lem
338 4731 439 4790 datam
461 4728 579 4806 sponsis
599 4725 727 4786 alterius
747 4723 872 4802 parochi
886 4723 951 4782 sine
964 4721 1056 4782 huius
1075 4719 1207 4793 licentia,
1225 4735 1262 4778 ex
1275 4715 1360 4778 Trid.
1377 4715 1450 4792 Gap.
1466 4712 1537 4773 VII.

254 4831 338 4890 Sess.
360 4829 476 4888 XXIV.
501 4827 540 4887 de
560 4827 634 4902 Ref.
657 4822 801 4885 16611116.
