3906 5690
816 517 957 570 ...17-

247 692 430 779 iusiguitus,
447 691 524 778 Cap.
541 691 574 758 A
588 693 733 760 moleise
758 694 797 758 dc
820 699 918 759 aetat.
942 699 976 760 et
999 694 1159 780 qualitat,
1176 700 1209 761 et
1231 695 1266 760 in
1289 715 1326 761 eo
1350 695 1460 761 ordine
1476 717 1531 762 sex

245 823 322 884 aute
335 817 495 884 mensibus
508 818 676 884 minimum
687 819 785 884 fuerit
797 824 950 900 versatus,
963 819 1109 886 Tumens.
1123 819 1206 887 Sese.
1215 820 1319 886 XXII.
1330 823 1369 888 de
1388 820 1530 904 Reform

245 965 273 1008 c.
291 941 333 1022 Π,
350 942 525 1030 eligendus,
542 945 684 1029 inquam,
701 945 742 1010 ad
758 943 975 1010 cathedralem
991 945 1166 1025 ecclesiam,
1179 945 1262 1012 idest
1277 945 1529 1031 Episcopatum;

246 1089 324 1134 nam
346 1067 430 1134 circa
445 1067 604 1134 Abbatias
621 1073 654 1133 et
668 1069 845 1156 Regulares
861 1070 1046 1155 dignitates,
1063 1071 1143 1136 haec
1159 1071 1310 1150 conditio,
1327 1075 1364 1136 ut
1379 1071 1531 1136 nimirum

245 1192 386 1280 eligendi
408 1193 583 1259 maioribus
607 1193 771 1259 ordinibus
802 1193 867 1258 siut
889 1194 1048 1278 instructi,
1072 1217 1221 1280 expressa
1242 1195 1277 1260 in
1299 1195 1368 1260 iure
1391 1217 1455 1260 nou
1472 1199 1530 1260 est.

244 1317 369 1384 Eodem
383 1319 673 1404 pectunccessaria
688 1303 726 1382 ea
742 1318 882 1384 conditio
897 1331 963 1384 n'on
977 1323 1036 1399 est,
1053 1309 1178 1405 quoties
1202 1319 1298 1386 alicui
1320 1319 1530 1396 Beneficium,

244 1446 282 1508 ut
305 1443 374 1508 fieri
397 1441 491 1521 solet,
514 1443 548 1508 in
572 1442 800 1509 commendam
824 1443 1024 1521 conceditur3
1047 1465 1123 1508 uam
1146 1447 1223 1510 tunc
1246 1443 1364 1510 sufficit
1386 1447 1530 1509 tonsura.

244 1566 416 1632 Praeterea
455 1571 630 1651 antequam
668 1568 738 1652 quis
777 1572 957 1633 assumatur
995 1569 1036 1633 ad
1074 1568 1253 1634 Ecclesiam
1292 1567 1529 1648 cathedralem,

244 1692 340 1758 debet
363 1713 400 1757 ea
422 1691 544 1776 pollere
575 1691 719 1772 scientia,
743 1697 780 1756 ut
803 1691 973 1778 dignitatis
1008 1715 1071 1778 qua
1106 1693 1301 1760 decorandus
1334 1697 1383 1759 est
1418 1693 1531 1759 officiis

243 1817 490 1901 muneribusque
514 1816 667 1882 obeundis
689 1837 748 1901 par
771 1838 839 1882 esse
866 1817 989 1901 possit3
1013 1818 1148 1902 ideoque
1178 1840 1258 1905 opus
1281 1821 1330 1883 est
1353 1822 1390 1882 nt
1422 1817 1531 1883 laurea

245 1941 395 2008 Doctoris
418 1946 475 2008 aut
497 1941 690 2020 Licentiatu,
714 1941 766 2006 vel
788 1941 822 2006 iu
845 1963 935 2008 sacra
951 1941 1132 2028 'l'heologia
1155 1942 1206 2008 vel
1221 1943 1254 2006 in
1270 1941 1342 2007 lure
1359 1941 1530 2020 canonico,

246 2068 279 2131 in
304 2066 434 2152 publica
460 2065 569 2150 aliqua
595 2065 815 2132 Universitate
841 2067 885 2132 sit
912 2066 1058 2132 donatus.
1082 2066 1172 2132 Tam.
1195 2066 1216 2132 l.
1244 2089 1271 2132 c.
1300 2063 1333 2148 4)
1362 2065 1445 2131 Item
1473 2087 1530 2131 ne·

247 2195 368 2276 queunt
391 2190 468 2277 eligi
492 2189 707 2257 Schismatiei.
732 2191 810 2275 Cap.
836 2193 854 2256 5
879 2191 912 2256 h.
935 2195 960 2255 t.
985 2189 1019 2272 5)
1043 2189 1229 2256 Ambitiosi.
1255 2189 1288 2271 6)
1304 2189 1450 2256 Usurarii
1471 2211 1530 2256 uc·

245 2315 332 2382 torii.
366 2313 399 2395 7)
431 2313 492 2391 Qui
525 2315 694 2401 indiguum
733 2315 868 2380 scientes
901 2314 1077 2401 elegerunt,
1106 2315 1270 2380 electionis
1297 2315 1443 2398 passivae
1473 2335 1531 2398 per

244 2439 419 2506 triennium
434 2444 509 2504 sunt
528 2442 680 2505 exsortes.
704 2437 738 2520 8)
754 2437 921 2524 Neophiti.
947 2440 1024 2525 Gap.
1052 2442 1080 2505 1.
1104 2439 1189 2506 Dist.
1214 2441 1267 2505 48.
1281 2437 1315 2520 9)
1339 2438 1378 2504 Iu
1400 2438 1530 2504 electio·

244 2563 338 2630 uibus
368 2561 581 2650 Regularium
604 2563 644 2628 ad
667 2563 814 2630 abbatias
838 2563 915 2650 eligi
938 2569 1101 2648 nequeunt
1124 2564 1179 2648 qni
1202 2564 1346 2629 ordinem
1368 2585 1433 2630 non
1455 2567 1531 2629 suut

242 2687 390 2772 professi.
414 2687 492 2771 Cap.
517 2689 558 2752 27
583 2687 616 2751 h.
641 2691 677 2764 t.;
694 2691 830 2771 possunt
852 2691 962 2751 tamen
984 2687 1163 2772 Regulares
1186 2709 1224 2751 ex
1248 2687 1312 2752 alio
1335 2689 1529 2753 monasterio

243 2812 386 2878 eiusdem
417 2811 537 2876 ordinis
568 2811 720 2876 abbatem
754 2809 938 2876 adsciscere.
963 2809 1062 2876 Clem.
1091 2811 1106 2874 1
1144 2810 1183 2874 de
1214 2809 1306 2876 elect.
1333 2809 1387 2892 10)
1415 2810 1528 2898 Illegi-

242 2936 321 3002 timc
343 2935 423 3015 nati,
441 2935 501 3001 etsi
523 2955 582 3020 per
603 2935 784 3022 ingressum
807 2935 841 3000 iu
862 2933 1068 3021 Religionem
1092 2933 1172 2998 haec
1194 2933 1353 3000 natalium
1375 2935 1465 3002 labes
1488 2937 1529 3002 ad

241 3063 391 3128 effectum
417 3061 536 3127 ordinis
562 3059 755 3145 suscipiendi
781 3059 911 3125 obtecta
938 3059 1063 3138 fuisset,
1089 3058 1166 3144 Gap.
1194 3060 1210 3124 1
1237 3060 1275 3124 de
1297 3059 1343 3124 fil.
1367 3061 1528 3145 presbyt.;

241 3192 350 3253 tamen
366 3187 406 3252 ad
421 3185 626 3252 Praelaturas
641 3183 776 3270 provehi
799 3189 971 3269 nequeunt,
995 3185 1029 3250 in
1055 3185 1131 3270 Gap.
1148 3184 1260 3250 eodem
1284 3186 1326 3251 20
1350 3183 1383 3250 h.
1400 3190 1426 3250 t.
1444 3184 1528 3262 Quin

242 3311 342 3376 etiam
356 3309 530 3396 legitimati
546 3309 757 3376 excluduntur
772 3309 981 3376 communiori
1005 3309 1078 3374 DD.
1103 3311 1273 3390 sententia,
1288 3309 1350 3375 nisi
1373 3331 1431 3396 per
1454 3311 1528 3377 snb·

243 3453 378 3516 sequens
404 3433 644 3498 matrimonium
667 3433 787 3498 fuerint
816 3432 1002 3518 legitimati,
1039 3431 1074 3498 hi
1097 3433 1183 3498 euim
1206 3455 1262 3518 per
1285 3433 1393 3498 omnia
1416 3433 1527 3518 legiti-

246 3553 307 3616 mis
323 3551 579 3636 aequiparantur,
592 3553 670 3637 Cap.
685 3556 705 3618 6
723 3555 786 3636 Qui
798 3556 862 3637 filii
877 3558 944 3621 siut
960 3556 1103 3637 legitimi.
1119 3555 1173 3636 11)
1187 3555 1361 3632 Haeretici,
1373 3555 1529 3638 infideles,

244 3696 417 3760 eorumque
447 3675 590 3741 fautores
614 3680 671 3740 ant
693 3675 763 3758 filii,
786 3677 848 3741 nisi
870 3680 1021 3760 parentas
1053 3681 1127 3741 ente
1163 3677 1289 3740 obitum
1322 3674 1529 3757 poenituerit.

244 3801 322 3886 (lap.
350 3801 389 3866 15
420 3799 459 3865 de
488 3799 659 3866 haereticis
691 3799 724 3864 iu
756 3801 786 3864 6.
813 3797 868 3881 12)
891 3799 1048 3884 Denique,
1078 3799 1204 3866 omissis
1239 3798 1321 3878 aliis,
1350 3795 1529 3882 Episcopus

245 3925 377 3990 alicuius
400 3923 563 3990 Ecclesiae
587 3924 627 3988 nd
660 3923 758 3988 aliam
790 3923 868 4012 eligi
890 3945 955 3990 nou
986 3927 1105 4009 potest,
1128 3923 1189 3990 nisi
1217 3923 1305 4008 prins
1335 3922 1530 3988 auctoritate

244 4048 367 4116 Summi
395 4049 564 4116 Pontificis
589 4049 629 4114 ab
661 4048 718 4114 illo
741 4048 869 4116 uinculo
905 4049 1100 4133 absolvatur,
1125 4048 1213 4115 cuins
1235 4049 1268 4114 vi
1290 4047 1390 4132 priori
1414 4045 1528 4114 Eccle-

244 4173 310 4239 siae
334 4177 383 4239 est
405 4173 560 4240 addictus.
584 4171 623 4239 lu
645 4173 776 4258 reliquis
792 4178 901 4240 tamen
924 4173 1138 4262 dignitatibus
1160 4172 1323 4239 vinculum
1345 4173 1407 4237 hoc
1429 4171 1529 4239 iudis-

243 4297 380 4364 solnbile
402 4319 466 4364 uon
489 4297 701 4379 contrahitur,
718 4320 755 4364 ac
770 4303 941 4385 propterea
956 4298 1067 4365 Abbas
1084 4297 1218 4364 adonius
1233 4296 1395 4363 Ecclesiae
1407 4299 1530 4382 potarit

124 4459 127 4466 ,
244 4422 284 4488 ad
308 4421 406 4488 aliam
428 4423 606 4504 transferri,
637 4423 693 4490 ubi
719 4423 869 4511 eligatur,
901 4424 1057 4490 facultate
1089 4423 1129 4489 ab
1152 4423 1313 4509 Episcopo
1343 4423 1530 4508 impetrata,

241 4546 302 4614 uisi
326 4545 411 4613 forte
435 4550 601 4632 exemptus
623 4548 676 4614 sit.
700 4549 778 4635 Gap.
804 4550 847 4614 36
872 4549 905 4615 h.
929 4553 954 4614 t.
978 4550 1012 4614 in
1038 4549 1068 4614 6.
