3906 5690
1050 497 1178 532 -„..

474 669 554 720 meo
581 649 616 720 in
643 669 747 740 opere
773 671 867 720 nunc
890 650 1040 739 primum
1066 653 1189 739 editur,
1211 653 1329 741 plures
1356 657 1440 722 sunt
1464 652 1673 724 recentiores
1696 673 1752 724 sa-

474 795 612 847 crarum
644 771 760 846 Urbis'
778 777 1096 868 Congregetionum
1128 779 1358 849 resolutiones
1388 780 1466 849 heic
1495 780 1643 864 additae,
1664 799 1753 870 quas

473 899 566 990 apud
591 899 674 972 iuris
698 903 857 971 canonici
880 908 915 974 et
937 903 1135 990 theologiae
1152 905 1338 992 pastoralis
1362 910 1523 975 auctores
1545 905 1674 975 frustra
1695 926 1751 974 re-

473 1027 602 1114 quiras.
627 1029 786 1097 Ceterum
809 1028 870 1096 illa
892 1027 1080 1115 Augustini
1103 1031 1209 1100 verba
1231 1050 1320 1118 quae
1344 1032 1381 1100 in
1405 1033 1442 1100 L.
1460 1035 1484 1098 Ι.
1502 1032 1547 1100 de
1574 1033 1752 1102 Trinitote

351 1181 358 1192 ·
451 1215 452 1218 ,
474 1154 553 1242 Gap.
571 1158 601 1222 3.
619 1153 792 1240 leguntur,
808 1153 945 1223 animos
960 1153 1047 1222 111111
1063 1155 1232 1224 dederunt
1243 1153 1288 1228 ad
1304 1155 1395 1226 hanc
1411 1154 1625 1244 provinciam
1641 1156 1750 1225 susci-

472 1275 647 1366 piendam.
677 1305 693 1341 ‹
717 1281 835 1367 Neque
859 1279 953 1348 enirn
977 1279 1095 1350 omnia
1117 1297 1207 1368 quae
1230 1284 1274 1350 ab
1298 1282 1458 1350 omnibus
1474 1282 1749 1367 conscribuntur,

474 1401 510 1472 11
533 1405 686 1474 omnium
710 1425 838 1475 manus
862 1405 1015 1488 veniunt,
1039 1410 1074 1476 et
1097 1405 1171 1474 11011
1195 1413 1318 1495 potest,
1343 1412 1381 1478 ut
1403 1407 1561 1476 nonnulli
1584 1407 1644 1494 qui
1663 1408 1751 1474 haec

471 1536 594 1600 nostra
609 1531 713 1600 etiam
725 1529 921 1618 intelligere
936 1532 1063 1619 velent,
1076 1532 1158 1602 illos
1170 1533 1342 1622 planiores
1355 1553 1425 1602 non
1437 1531 1614 1602 inveniant
1631 1531 1750 1617 libros,

471 1656 508 1724 in
530 1655 616 1725 istos
639 1657 761 1726 saltem
785 1655 946 1728 incidant.
964 1655 1113 1745 Ideoque
1130 1659 1214 1728 utile
1230 1663 1283 1727 est
1304 1659 1421 1748 plures
1444 1659 1636 1747 epluribus
1660 1656 1747 1740 11011,

472 1779 613 1852 diverso
636 1782 737 1871 stylo,
754 1803 824 1852 101
847 1781 984 1856 diversa
1007 1781 1086 1871 fide,
1103 1782 1206 1854 etiam
1225 1784 1267 1854 de
1283 1781 1543 1872 quaestionibus
1560 1783 1695 1870 iisdem,
1712 1786 1751 1851 ut

469 1907 513 1976 011
537 1908 702 1996 plurimos
725 1929 781 1978 res
805 1909 882 1997 ipsa
904 1907 1091 1996 perveniat,
1108 1910 1153 1978 ad
1168 1909 1255 1977 alios
1271 1910 1330 1992 sic,
1348 1908 1393 1980 ad
1409 1907 1495 1979 alios
1510 1917 1627 1978 autem
1649 1907 1709 1978 sic.
1730 1933 1745 1972 1

560 2037 634 2104 Hoc
649 2034 686 2103 in
701 2054 806 2123 opere
821 2035 1062 2104 concinnando
1078 2055 1149 2104 non
1164 2031 1251 2104 illud
1268 2035 1354 2103 mihi
1369 2032 1530 2124 proposui
1549 2041 1585 2102 ut
1609 2035 1750 2122 plenum

471 2161 670 2248 iustumque
686 2160 773 2231 iuris
789 2160 946 2232 canonici
960 2160 1113 2231 codicem
1126 2161 1393 2245 conscriberem,
1407 2179 1519 2249 neque
1531 2159 1575 2230 de
1591 2141 1750 2228 omnibus

472 2285 731 2376 quaestionibus
755 2307 899 2376 agerem
923 2305 1012 2376 quae
1035 2287 1080 2356 cd
1103 2288 1197 2356 hunc
1220 2287 1401 2375 pertinent.
1420 2288 1507 2356 Sunt
1522 2286 1615 2354 enlm
1631 2286 1751 2374 plures

471 2411 701 2500 quaestiones,
724 2433 813 2500 quae
836 2411 968 2484 nullius
998 2412 1109 2502 frugis
1139 2411 1310 2499 evangelii
1347 2412 1577 2500 praeconibus
1613 2415 1749 2499 essent3

471 2557 549 2606 cum
580 2535 616 2606 in
645 2537 690 2606 iis
722 2536 923 2626 regionibus
952 2537 988 2608 in
1017 2539 1142 2628 quibus
1175 2546 1369 2622 versantur,
1398 2536 1546 2608 materia
1574 2535 1666 2605 desit
1695 2535 1747 2604 cui

470 2663 704 2734 moderandae
727 2663 990 2736 constitutiones
1014 2663 1093 2735 illae
1116 2666 1208 2736 10100
1225 2670 1320 2754 sunt3
1336 2665 1426 2734 aliae
1449 2684 1531 2733 vero
1555 2671 1636 2732 sunt
1660 2683 1747 2752 quae

471 2791 509 2858 in
531 2789 709 2878 theologia
730 2791 853 2860 morali
876 2796 1142 2880 pertractantur,
1171 2811 1275 2881 quem
1303 2811 1406 2880 porro
1437 2790 1616 2861 scientiam
1640 2792 1747 2878 probe

471 2922 588 2986 notam
612 2936 693 2984 esse
716 2915 801 2984 viris
824 2916 1027 3004 apostolicis
1050 2918 1206 2986 adsumo.

559 3043 604 3110 Ut
630 3047 747 3111 eutem
781 3039 903 3111 ordine
934 3043 1170 3130 procederem,
1206 3043 1316 3109 totum
1347 3059 1435 3128 opus
1464 3038 1501 3106 in
1530 3035 1618 3106 duos
1642 3034 1750 3104 libros

470 3164 639 3235 distribui.
663 3167 804 3236 Primus
836 3165 881 3235 de
910 3165 1069 3255 personis
1100 3165 1175 3248 erit,
1209 3163 1297 3232 alter
1328 3165 1371 3232 de
1403 3163 1511 3233 sacris
1543 3159 1677 3249 11111100,
1707 3161 1750 3229 de

470 3294 575 3362 rebus
597 3311 639 3360 00
661 3293 704 3362 de
727 3293 895 3362 censuris.

560 3419 643 3487 (lum
667 3439 750 3487 vero
773 3425 806 3488 et
831 3419 921 3488 aliae
944 3419 1012 3486 sint
1035 3417 1264 3506 quaestiones,
1285 3435 1374 3505 quas
1390 3415 1556 3504 ignorare
1572 3415 1668 3484 nefas
1683 3421 1749 3501 est,

470 3541 663 3614 cuiusmodi
693 3551 773 3613 sunt
802 3563 892 3632 quae
922 3544 965 3611 de
996 3541 1312 3612 communicatione
1343 3563 1421 3611 cum
1451 3539 1681 3627 etheredoxis,
1706 3541 1749 3608 dc

471 3667 603 3740 Scholis
626 3674 661 3740 et
684 3667 846 3757 Collegiis
867 3667 986 3740 mixtis
1008 3689 1050 3737 00
1079 3667 1124 3738 de
1156 3667 1234 3738 aliis
1264 3672 1458 3752 occurrunt,
1490 3687 1552 3736 eas
1580 3684 1748 3753 100100-

470 3797 614 3865 stitutus
637 3795 723 3865 ordo
755 3798 951 3866 turbaretur
982 3792 1185 3884 appendicis
1217 3796 1291 3864 loco
1322 3793 1367 3863 ed
1396 3793 1524 3862 calcem
1549 3791 1664 3879 operis
1687 3791 1749 3858 ad-

469 3923 658 3992 nectendes
683 3922 810 3991 censui.

560 4049 725 4136 Denique,
761 4067 840 4117 cum
873 4046 908 4116 in
939 4045 1103 4116 librorum
1135 4044 1281 4116 lectione
1311 4042 1398 4113 nihil
1434 4041 1570 4130 gratius
1602 4037 1746 4124 accidat,

470 4154 575 4262 quem
598 4172 628 4242 si
653 4175 688 4242 in
711 4171 833 4242 eodem
858 4193 962 4262 opere
984 4173 1089 4242 simul
1112 4178 1272 4242 constent
1295 4169 1422 4258 eloquii
1446 4170 1597 4238 brevitas
1613 4187 1655 4238 ac
1671 4186 1747 4255 per-

469 4298 647 4388 spicuitas,
671 4299 706 4367 in
730 4297 826 4368 hisce
849 4297 1107 4386 quaestionibus
1129 4293 1380 4386 pertractandis
1404 4295 1559 4364 oratione
1582 4302 1747 4364 01011011

469 4423 598 4494 diffusa
620 4443 684 4493 nec
708 4421 880 4494 illecebris
903 4429 1036 4512 ornata,
1061 4423 1121 4492 sed
1153 4423 1293 4491 concisa
1322 4427 1355 4488 et
1388 4419 1550 4509 simplici3
1573 4421 1665 4488 unde
1689 4420 1748 4486 flet

469 4560 506 4622 ut
529 4549 638 4620 multe
660 4549 779 4639 paucis
802 4551 986 4639 perstricta
1009 4547 1087 4618 heic
1110 4551 1274 4638 prostent,
1296 4567 1363 4636 quo
1380 4546 1524 4617 celerius
1542 4543 1747 4632 faciliusque

469 4677 644 4748 intellecta
667 4675 703 4746 in
726 4676 862 4765 praxim
886 4677 1109 4746 deducentur.

1934 2453 1942 2824 l
