3906 5690
350 1187 352 1192 ,
417 1171 423 1188 ,
511 1057 1154 1196 PROOEMIUM

280 1660 424 1745 Exque
454 1657 544 1724 inter
568 1655 743 1724 Officiales
767 1657 841 1724 Sec.
866 1653 1155 1742 Oongregationis
1179 1653 1375 1724 Christiano
1401 1658 1469 1722 No·

192 1782 279 1851 mini
294 1783 527 1871 Propagando
550 1779 717 1864 adlectus,
741 1800 798 1850 res
821 1785 857 1849 et
873 1778 1128 1850 controversias
1144 1780 1340 1868 apostolicis
1365 1799 1468 1867 cxpe-

193 1907 382 1978 ditionibus
405 1909 553 1978 innexas
576 1909 777 1978 tractandas
804 1905 952 1994 suscepi,
983 1907 1087 1994 plane
1110 1905 1341 1975 animadverti
1365 1927 1469 1994 quam

193 2034 426 2127 necessarium
462 2041 556 2103 esset
592 2035 689 2122 Opus
724 2034 939 2119 canonicum,
969 2030 1098 2100 iamdiu
1127 2030 1346 2120 aplerisque
1375 2030 1468 2102 desi·

192 2161 360 2243 deratum,
384 2159 476 2248 quod
491 2163 630 2248 praeter
646 2159 858 2248 praescripta
872 2157 957 2226 iuris
973 2157 1177 2244 communis,
1194 2161 1283 2246 quae
1299 2159 1335 2225 in
1351 2177 1471 2226 earum

192 2285 277 2354 locis
301 2283 477 2354 observari
500 2283 636 2372 debent,
654 2285 940 2372 complecteretur
963 2281 1068 2350 etiam
1092 2283 1256 2352 mandata
1272 2283 1471 2370 peculiaria,

192 2431 281 2502 quae
306 2415 349 2480 ab
372 2413 439 2479 hac
462 2411 539 2499 ipsa
555 2411 831 2500 congregatione
848 2410 884 2477 in
900 2429 1002 2478 usum
1018 2427 1197 2478 sacrarum
1214 2407 1470 2497 expeditionum

194 2535 288 2606 edita
310 2543 399 2606 sunt.
425 2535 609 2605 Enimvero
633 2556 712 2604 eum
737 2537 825 2605 haec
847 2533 927 2602 aliis
943 2543 1046 2623 atque
1062 2533 1142 2602 aliis
1158 2533 1371 2622 temporibus
1388 2535 1469 2622 lata,

193 2639 358 2749 nulloque
388 2659 510 2731 ordine
538 2662 685 2748 digesta,
713 2661 751 2727 in
779 2661 870 2729 foliis
900 2660 1136 2743 circularium,
1167 2659 1220 2728 vel
1253 2659 1288 2728 in
1321 2661 1470 2728 decretis

191 2785 441 2876 rescriptisque
473 2785 518 2855 ad
552 2791 667 2855 certas
698 2805 866 2875 personas
899 2782 989 2854 datis
1013 2785 1267 2868 contineantur,
1291 2785 1327 2853 id
1350 2789 1470 2853 crebro

191 2912 376 2984 usuvenire
408 2919 622 3002 compertum
653 2920 718 2996 est,
749 2917 788 2980 ut
817 2912 872 2980 vel
902 2909 947 2978 ab
977 2911 1022 2978 iis
1052 2908 1110 2998 qui
1135 2929 1196 2999 per
1219 2908 1470 2980 remotissimas

191 3041 353 3132 regiones
368 3039 556 3128 apostolico
572 3059 717 3110 munere
729 3039 931 3128 funguntur,
945 3038 1047 3126 plane
1062 3035 1273 3126 ignorentur,
1287 3038 1341 3106 vel
1353 3036 1470 3106 minus

191 3153 284 3236 recte
306 3164 557 3253 intelligantur,
574 3167 629 3235 vel
653 3186 723 3235 non
738 3167 813 3234 sine
829 3164 997 3252 temporis
1013 3164 1148 3233 iactura
1163 3185 1204 3233 ao
1221 3183 1324 3252 saepe
1344 3163 1471 3234 frustra
1559 3197 1565 3214 ·

192 3296 413 3382 quaerantur.
431 3290 600 3368 Quocirca
622 3291 774 3360 maxime
798 3291 960 3378 expedire
984 3288 1104 3359 censui
1128 3309 1170 3357 ea
1193 3311 1238 3358 ex
1261 3288 1486 3359 authenticis·

194 3415 371 3482 codicibus
394 3418 427 3476 et
450 3413 602 3480 Archivii
619 3416 768 3498 regestis
784 3415 821 3482 in
837 3435 945 3482 unum
959 3415 1103 3482 collecta
1118 3415 1260 3501 suisque
1278 3415 1362 3482 locis
1385 3414 1469 3483 iuris

196 3531 392 3602 communis
408 3531 550 3616 inserta,
567 3541 729 3604 accurata
744 3537 906 3606 methodo
923 3559 1043 3605 eorum
1056 3538 1166 3606 oculis
1179 3537 1357 3605 subiicere.
1371 3539 1471 3604 Haud

195 3679 276 3728 vero
301 3657 460 3748 singulas
476 3658 719 3728 instructiones
735 3679 776 3728 ac
792 3661 933 3729 decreta
948 3662 1084 3748 integre
1100 3662 1228 3729 referre
1244 3661 1328 3728 utile
1344 3661 1472 3746 putavi,

194 3783 257 3854 sed
285 3803 406 3854 earum
436 3791 573 3854 tantum
605 3791 737 3873 partem
765 3784 1002 3873 dispositivam
1029 3786 1204 3872 exhibere,
1233 3804 1277 3853 ne
1304 3785 1471 3853 lectorum

192 3918 327 3980 mentes
350 3911 464 3980 inutili
487 3911 705 4000 multiloquio
728 3917 892 3981 oneratae
915 3913 1030 3981 minus
1054 3915 1147 3980 recte
1171 3909 1359 3999 percipiant
1383 3929 1471 3998 quae

193 4038 230 4104 in
254 4037 299 4106 iis
322 4040 533 4124 statuuntur,
557 4038 848 4125 quemadmodum
879 4038 1019 4106 evenire
1042 4038 1128 4106 solet
1152 4037 1188 4103 in
1213 4037 1471 4124 pervolutandis

193 4162 262 4230 illis
287 4160 524 4244 collectaneis,
542 4163 665 4250 quibus
681 4164 783 4246 nude,
801 4183 842 4232 ac
858 4183 962 4251 saepe
978 4161 1082 4232 etiam
1106 4165 1238 4250 absque
1262 4163 1333 4232 ulla
1356 4159 1471 4250 dispo-

194 4286 319 4357 sitione
342 4295 375 4356 et
399 4288 518 4356 ordine
543 4288 749 4375 consignata
771 4295 861 4372 sunt,
885 4307 974 4378 quae
998 4292 1041 4358 ab
1064 4289 1182 4376 aliqua
1198 4291 1303 4357 Sacra
1319 4290 1472 4376 Congre-

194 4413 335 4500 gatione
359 4412 508 4501 plurium
532 4415 750 4483 saeculorum
775 4416 925 4484 decursu
948 4413 1042 4484 edita
1065 4419 1147 4483 sunt
1169 4421 1401 4483 monumenta.

283 4542 401 4628 Neque
418 4540 572 4608 laborem
589 4562 610 4610 a
624 4559 682 4607 me
698 4547 895 4628 susceptum
908 4547 1092 4630 propterea
1107 4559 1362 4628 supervacuum
1379 4539 1471 4623 duxi,

194 4663 287 4751 quod
309 4683 398 4751 quae
422 4661 506 4732 iuris
523 4663 718 4733 communis
737 4669 819 4734 sunt
836 4664 871 4734 in
886 4666 1006 4734 multis
1022 4664 1244 4734 inveniantur
1260 4664 1366 4734 libris.
1385 4667 1471 4732 Nam

195 4795 435 4878 praeterquam
464 4789 555 4877 quod
588 4790 642 4859 ius
672 4791 825 4878 speciale
858 4793 932 4862 Sac.
957 4790 1248 4878 Congregationis
1272 4789 1343 4858 Fid.
1368 4793 1470 4878 Prop.
