3906 5690
739 501 881 554 „29-

169 680 219 745 sin
241 679 347 744 minus
370 677 411 743 ad
430 678 594 764 propriam
616 679 723 744 sedem
746 679 980 759 dimittendam,
1004 678 1119 744 salte1n
1142 679 1182 744 ad
1206 677 1341 745 alteram
1364 700 1453 746 acce·

167 804 332 890 ptandam.
348 801 622 870 Scenscaoeusaea
637 803 659 868 l.
677 826 703 869 c.
715 827 747 870 ιι.
766 805 796 868 6.
814 803 969 870 Attamen
984 803 1012 869 si
1027 802 1189 868 Ecclesiae
1204 804 1323 869 bonum
1339 808 1453 889 postu-

167 929 225 1011 lat,
254 928 419 994 Romanus
448 927 600 996 Pontifex
621 931 736 1014 potest
765 927 864 993 etiam
895 927 1033 1025 invitum
1062 928 1244 1008 transferre,
1275 933 1308 993 et
1338 950 1454 1015 cogere

167 1055 278 1138 poenis
294 1053 516 1120 ecclesiasticis
539 1053 693 1118 adoliam
715 1053 823 1120 sedem
838 1053 1065 1138 accipiendam.
1088 1051 1363 1118 Soumnnoausaes
1385 1053 1407 1118 l.
1425 1076 1452 1118 c.

168 1177 270 1244 Immo
294 1179 393 1244 etiam
416 1178 594 1264 Episcopus
616 1177 649 1242 id
672 1177 794 1262 poterit
816 1177 922 1262 quoad
944 1176 1170 1242 beneficiatum
1193 1177 1253 1243 sibi
1278 1177 1452 1243 subditum.

168 1301 246 1388 Cap.
279 1303 362 1369 ede
384 1325 491 1369 rerum
514 1308 653 1388 permut.
677 1301 747 1379 Qua
780 1303 908 1386 quidem
939 1301 972 1366 in
1005 1323 1040 1366 re
1073 1301 1280 1388 indiligenter
1310 1301 1455 1386 loquitur

167 1427 327 1493 Pseneros
350 1428 429 1513 Cap.
455 1429 580 1510 Quanto
603 1427 641 1492 de
665 1425 776 1492 transl.
798 1425 905 1511 Episc.
930 1448 1002 1492 cum
1024 1426 1191 1511 proposito
1215 1448 1290 1492 casu
1313 1425 1453 1492 transla-

167 1554 265 1620 tionis
287 1553 441 1639 Episcopi
464 1575 483 1618 a
506 1551 652 1618 Romano
675 1551 832 1617 Pontifice
855 1551 961 1616 factae
984 1552 1052 1616 sins
1075 1551 1161 1618 iusta
1184 1573 1289 1630 cause,
1314 1552 1361 1616 ait
1380 1573 1451 1616 eam

166 1699 232 1743 ιιοιι
254 1677 414 1755 sustineri,
438 1698 520 1761 quae
543 1677 640 1742 verba
663 1679 780 1742 sonant
803 1697 867 1740 non
891 1697 958 1742 ease
985 1675 1138 1756 validam,
1161 1699 1234 1742 cum
1257 1679 1365 1744 tamen
1384 1675 1451 1740 illi·

168 1803 233 1868 cita
256 1806 385 1868 tantum
407 1802 470 1866 dici
493 1802 663 1881 debuisset,
687 1805 720 1866 et
743 1801 898 1866 eiusmodi
921 1822 1002 1885 quae
1024 1801 1175 1886 suspendi
1204 1824 1262 1886 per
1290 1823 1452 1868 recursum

167 1927 209 1992 ad
231 1927 335 2014 ipsam
357 1925 472 1993 Sedem
494 1925 716 2012 Apostolicam
740 1930 865 2010 posset;
890 1926 975 2010 quod
999 1925 1085 1992 enim
1108 1925 1233 1994 dicatur
1254 1925 1407 2004 invalida,
1419 1924 1452 1991 id

167 2051 299 2137 perinde
322 2055 371 2118 est
394 2073 431 2116 ac
454 2051 540 2116 viam
562 2051 728 2116 schismati
751 2051 885 2135 aperire.

257 2177 400 2242 Effectus
421 2173 644 2242 'translationis
669 2180 734 2241 tres
756 2175 926 2261 praecipue
948 2179 1168 2242 recensentur:

300 2299 334 2383 a)
358 2301 497 2368 Vacatio
512 2301 676 2368 Ecclesiae
699 2323 754 2368 seu
769 2300 915 2366 beneficii
930 2300 1014 2366 unde
1030 2300 1098 2366 eius
1114 2321 1276 2386 possessor
1296 2299 1452 2365 transfer·

169 2430 236 2492 tur:
254 2448 334 2512 quae
350 2427 480 2511 quidem
502 2428 627 2492 vacatio
651 2427 685 2491 in
700 2424 911 2492 translatione
934 2425 1087 2511 Episcopi
1109 2424 1215 2490 locum
1230 2425 1330 2490 habet
1353 2425 1452 2490 etiam

169 2553 243 2616 ante
264 2554 445 2636 susceptam
468 2551 700 2636 possessionem
722 2549 853 2616 alterius
868 2548 1032 2614 Ecclesiae
1047 2552 1080 2615 et
1096 2549 1331 2633 expeditionem
1345 2548 1452 2614 Litte-

169 2697 278 2742 rarum
308 2675 558 2760 apostolicarum
588 2679 761 2760 postquem
791 2675 824 2738 in
852 2673 1049 2740 Consistorio
1077 2673 1117 2737 ab
1148 2672 1310 2738 Ecclesiae
1337 2673 1454 2758 prioris

167 2800 295 2865 vinomo
318 2799 442 2865 solutus
465 2804 514 2866 est
542 2803 576 2865 et
598 2799 682 2864 hano
713 2797 864 2862 notitiam
890 2797 1040 2862 habuerit
1070 2797 1168 2862 etiam
1195 2819 1234 2862 ex
1261 2797 1453 2864 documento

167 2923 337 2992 Secretarii
360 2923 449 2990 Sacri
473 2923 621 3010 collegii,
645 2922 872 2988 Rmrreusruru
894 2921 928 2992 h.
953 2925 978 2986 t.
1001 2944 1033 2986 n.
1051 2921 1094 2986 34
1109 2943 1209 3006 seqq„
1233 2922 1274 2986 41
1299 2942 1398 3006 seqq.¹
1418 2923 1453 2988 in

167 3049 302 3116 aliorum
328 3071 403 3115 vero
426 3047 638 3116 translatione
665 3047 771 3148 locum
793 3047 893 3112 habet
919 3049 994 3131 post
1016 3046 1131 3110 initam
1152 3044 1283 3112 alterius
1306 3045 1453 3112 beneficii

165 3165 335 3259 pacificam
356 3174 599 3260 possessionem,
623 3171 899 3238 Scnusnzsauasns
921 3171 955 3235 h.
978 3175 1004 3236 t.

301 3297 333 3380 b)
357 3297 410 3363 Ius
444 3299 479 3363 in
506 3297 642 3364 alteram
666 3297 842 3363 Ecclesiam
878 3296 919 3361 ad
954 3317 1051 3381 quam
1085 3294 1256 3362 translatio
1291 3296 1343 3374 fit;
1366 3295 1452 3380 quod

167 3423 297 3506 quidem
319 3421 353 3484 in
376 3421 536 3505 Episcopo
559 3421 716 3486 translato
739 3421 993 3486 iurisdictionem
1017 3419 1128 3484 statim
1152 3421 1248 3504 parit,
1271 3441 1336 3484 non
1362 3441 1453 3486 secus
1500 3405 1505 3420 ⁸

169 3563 207 3606 ac
231 3539 394 3604 electionis
417 3543 626 3621 confirmatio,
643 3541 916 3608 Scnnsmeaussea
938 3542 999 3608 loc.
1024 3544 1100 3619 cit.;
1124 3543 1159 3608 in
1183 3543 1296 3607 ceteris
1319 3546 1368 3606 est
1383 3564 1452 3606 ms-

169 3687 240 3732 rum
263 3664 312 3730 ius
335 3663 375 3728 ad
398 3685 476 3744 rem,
493 3663 592 3729 donec
607 3669 749 3730 mutetur
770 3667 805 3730 in
819 3667 869 3729 ius
891 3665 925 3728 in
948 3687 982 3728 re
998 3686 1055 3748 per
1076 3663 1195 3728 realem
1211 3664 1453 3747 possessionem.

302 3786 331 3870 c)
354 3787 530 3854 Devolutio
545 3787 708 3853 fructuum
724 3788 934 3872 pendentium
948 3787 1094 3853 beneficii
1110 3808 1130 3852 a
1146 3807 1209 3871 quo
1226 3787 1265 3852 fit
1284 3783 1454 3852 translatio

170 3915 210 3978 ad
245 3912 410 3980 ecclesiam
434 3913 485 3978 vel
519 3933 742 3978 successorem.
766 3897 896 3978 Etenim
929 3912 1034 3997 isqui
1057 3910 1233 3978 translatus
1268 3915 1316 3976 est
1346 3913 1455 3996 potest

169 4061 278 4104 secum
300 4043 469 4124 exportare
492 4038 616 4104 fruetus
632 4038 697 4102 iem
713 4041 889 4122 perceptos,
905 4037 1047 4122 itemque
1069 4037 1155 4102 bons
1177 4035 1309 4101 mobilia
1325 4057 1364 4100 ex
1382 4035 1453 4102 fru-

169 4163 274 4229 ctibus
295 4163 361 4228 iam
383 4163 541 4250 perceptis
565 4165 760 4248 comparata,
786 4162 956 4228 dummodo
980 4161 1143 4228 Ecclesiae
1165 4161 1306 4226 nondum
1333 4161 1454 4226 fueunt

171 4287 308 4352 addicta.
332 4286 557 4354 Rmrrnusruee
580 4289 632 4354 tit.
658 4287 695 4353 de
719 4287 830 4353 transl.
854 4287 961 4371 Episc.
986 4309 1018 4352 n.
1042 4288 1096 4352 44.
