3906 5690
1013 463 1153 518 ..50-

355 637 360 644 ⁴
441 638 521 703 iunii
540 603 635 716 leat,
653 659 733 721 qnae
750 641 824 703 actu
840 659 904 702 non
919 637 1040 703 habent
1055 611 1111 704 sex
1125 638 1289 724 regulares
1305 639 1460 723 probatae
1476 640 1573 719 vitae,
1587 661 1723 725 quorum

442 761 639 848 regularium
661 761 776 826 saltem
797 765 935 846 quatuor
950 761 1140 828 sacerdotali
1157 759 1340 829 charactere
1355 763 1503 850 insigniti
1518 765 1600 830 etin
1616 770 1724 831 aetate

443 887 485 951 40
509 907 664 951 annorum
687 885 855 952 constituti
877 890 964 953 sunt.
987 884 1023 952 Si
1046 863 1247 953 verc'sermo
1278 889 1321 953 sit
1351 888 1390 953 de
1424 888 1626 953 monasteriis
1649 896 1724 974 post

364 1095 366 1098 Ι
441 1015 567 1094 tempus
591 1009 671 1076 illud
694 1012 817 1091 erectis,
841 1033 968 1078 neeesse
991 1015 1040 1076 est
1062 1015 1099 1077 ut
1121 1012 1263 1078 habeant
1286 1035 1325 1078 ex
1349 1012 1457 1079 Const.
1484 1012 1663 1080 Innocentii
1692 1014 1724 1080 X

442 1133 609 1200 duodecim
632 1113 806 1221 regulares,
830 1157 966 1220 quorum
988 1135 1104 1201 saltem
1127 1142 1200 1202 octo
1223 1138 1403 1238 sacerdotes
1426 1138 1577 1204 existant.

531 1259 860 1326 Animadvertendum
883 1265 992 1326 tamen
1015 1265 1064 1327 est
1089 1259 1121 1344 1)
1138 1267 1278 1327 mentem
1301 1261 1335 1329 S.
1359 1261 1449 1328 Sedis
1465 1263 1499 1328 in
1520 1263 1724 1328 subiiciendis

441 1383 609 1450 Ordinario
633 1386 740 1469 parnis
762 1385 960 1472 regularium
983 1387 1123 1452 virorum
1146 1388 1365 1467 conventibus,
1389 1409 1452 1453 non
1473 1409 1511 1452 eo
1527 1391 1724 1472 spectarent

442 1507 628 1576 Ordinarius
653 1532 725 1576 cum
748 1511 787 1574 iis
811 1514 890 1597 agat
911 1511 1041 1595 perinde
1065 1533 1102 1576 ao
1132 1512 1160 1576 si
1191 1516 1295 1577 essent
1323 1513 1504 1588 sacerdotes
1527 1512 1723 1590 saecularem

442 1633 497 1698 sed
522 1634 652 1700 omnino
675 1641 711 1700 at
733 1635 769 1700 in
778 1636 897 1717 parata
922 1636 1122 1718 regularium
1147 1639 1291 1702 atrorum
1319 1637 1520 1703 manentibus
1528 1637 1587 1718 pie
1602 1643 1630 1703 at
1645 1637 1724 1703 reti·

439 1758 528 1841 piore
541 1759 670 1824 vivatur
693 1759 788 1842 (quae
812 1758 909 1825 verba
931 1763 1006 1826 sunt
1028 1759 1122 1824 Decr.
1139 1758 1309 1825 Irmocnrrn
1331 1759 1386 1841 X).
1404 1759 1526 1827 Idcirco
1543 1783 1596 1826 eos
1620 1737 1723 1826 mnni-

442 1883 553 1950 modac
567 1883 787 1950 iurisdictioni
805 1881 978 1950 Ordiaarii
993 1885 1063 1964 loci,
1079 1890 1243 1968 tamqnam
1261 1907 1358 1968 saper
1373 1887 1429 1952 boc
1452 1909 1473 1953 a
1490 1884 1570 1954 Sede
1585 1885 1723 1970 Aposto-

329 2037 332 2043 ·
441 2010 506 2076 lica
536 2010 680 2092 delegati,
704 2011 807 2090 plane
836 2009 873 2074 e'a
895 2010 1040 2074 manitas
1062 2009 1195 2076 subiecit
1216 2032 1254 2076 ao
1276 2011 1420 2076 sabditos
1443 2032 1509 2077 esee
1540 2011 1724 2078 declaravit.

441 2131 555 2216 Itaque
579 2133 725 2197 eumdem
747 2132 842 2216 plane
865 2133 961 2198 finem
985 2132 1084 2197 habet
1100 2132 1298 2220 regularium
1314 2134 1474 2218 exemptio
1491 2134 1531 2199 ab
1549 2133 1723 2200 Ordinariis

440 2278 479 2320 ac
491 2257 674 2321 eorumdem
686 2256 852 2335 subiectio,
864 2256 1042 2322 custodiam
1057 2279 1171 2342 nempe
1184 2257 1369 2343 disciplinae
1383 2257 1549 2344 regularis.
1567 2258 1724 2324 Animad-

370 2435 378 2454 ,
441 2381 628 2446 vertendum
652 2380 686 2462 2)
711 2381 815 2464 quoad
840 2381 1055 2448 conditionem
1077 2382 1155 2446 certi
1180 2383 1303 2446 numeri
1323 2382 1558 2469 religiosorum,
1574 2387 1723 2468 exceptas

439 2527 508 2570 esse
531 2528 647 2592 parvas
672 2507 781 2570 domos
804 2507 838 2570 in
861 2506 939 2571 locis
962 2506 1158 2585 missionum,
1184 2529 1263 2590 quas
1286 2507 1327 2572 ab
1351 2506 1526 2574 Ordinariis
1559 2513 1723 2593 exemptas

439 2653 508 2696 esse
532 2631 707 2696 declaravit
723 2631 918 2696 constitutio
936 2629 1098 2698 Romanos
1115 2631 1285 2715 Pontifices
1300 2632 1387 2698 edita
1403 2655 1422 2697 a
1437 2633 1538 2698 Lnorn
1549 2632 1615 2699 ΡΡ.
1632 2631 1721 2711 XIII,

439 2759 664 2840 praeterquam
688 2756 722 2819 in
745 2756 870 2820 casibus
894 2777 913 2819 a
935 2755 1003 2820 iure
1027 2756 1219 2822 nominatim
1242 2757 1397 2842 expressis
1425 2762 1458 2823 et
1487 2759 1665 2843 generatim
1688 2759 1723 2822 in
1814 2743 1821 2750 ⁴

439 2881 479 2946 iis
503 2903 584 2964 quae
607 2885 801 2946 concernunt
824 2903 932 2945 curam
956 2880 1135 2946 animarum
1167 2884 1200 2946 et
1222 2887 1493 2946 sacramentorum
1517 2882 1722 2946 administra·

439 3005 571 3069 tionem.
596 3003 734 3080 Quinam
756 3026 831 3069 vero
854 3004 919 3068 sint
942 3025 1032 3070 casua
1054 3004 1088 3069 in
1112 3005 1227 3090 quibus
1251 3025 1290 3069 ex
1312 3005 1380 3068 iuro
1410 3005 1560 3087 exempti,
1584 3004 1720 3088 Episco-

440 3148 555 3212 porum
577 3128 789 3193 iurisdictioni
809 3129 1028 3210 subiciantur,
1045 3134 1078 3194 et
1094 3129 1225 3213 quinam
1240 3128 1264 3192 ii
1279 3129 1312 3192 in
1329 3127 1443 3211 quibus
1460 3127 1501 3191 ab
1518 3127 1629 3191 eodem
1644 3133 1721 3194 sunt

437 3252 604 3334 immunes,
628 3253 825 3337 quadruplex
847 3255 974 3320 docebit
997 3254 1157 3340 appendix
1179 3253 1251 3317 heic
1274 3252 1426 3317 subiecta.

889 3549 1197 3607 APPENDIX
1236 3550 1266 3606 Ι.

708 3765 795 3846 chae
819 3761 998 3831 Concilium
1023 3765 1251 3830 Tridentinam
1273 3763 1446 3844 Episcopis

588 3890 757 3969 permitat
777 3891 814 3954 ia
837 3895 994 3972 coemptos
1017 3895 1179 3970 tamqnam
1203 3887 1266 3967 Ap.
1293 3885 1386 3950 Sedis
1409 3883 1569 3966 dalepatia.

520 4157 547 4218 1.
571 4158 702 4217 Possunt
726 4161 904 4238 compellere
935 4159 1069 4218 Abbotes
1100 4157 1151 4232 qni
1182 4155 1341 4230 negligunt
1371 4154 1530 4214 instituere
1561 4155 1719 4214 lectionem

436 4271 541 4314 sacrae
563 4257 730 4332 scripturae
752 4259 783 4316 in
804 4257 1004 4328 monasteriis,
1024 4255 1074 4312 ubi
1088 4253 1240 4310 commode
1261 4251 1328 4310 ficri
1342 4255 1451 4329 potest.
1469 4253 1541 4328 Cep.
1559 4254 1572 4311 l
1593 4254 1673 4314 Sese.
1690 4253 1719 4312 V

436 4353 477 4412 de
496 4354 639 4431 Reform.

516 4451 547 4513 2.
570 4453 796 4529 Metropolitani
817 4454 943 4528 possunt
962 4449 1141 4526 compellere
1161 4449 1295 4506 Abbatcs
1325 4449 1577 4508 monasteriorum
1605 4449 1718 4507 nullius

437 4548 580 4608 dioecesis
601 4551 633 4608 in
654 4567 757 4607 eorum
778 4549 943 4626 provinciis
974 4565 1032 4604 non
1063 4549 1204 4605 curantes
1235 4549 1270 4604 ut
1299 4547 1491 4622 praedicetur
1522 4547 1553 4604 in
1584 4546 1718 4604 ecclesiis

436 4648 669 4722 parochialibus,
696 4666 771 4724 quac
792 4648 830 4706 ab
855 4647 924 4705 istis
949 4645 1140 4705 monasteriis
1166 4645 1342 4722 dependent.
1370 4645 1442 4722 Gap.
1467 4645 1496 4703 Il
1516 4644 1611 4704 cinsd.
1635 4644 1716 4704 Sess.

436 4740 457 4812 ἓ
478 4741 513 4799 Si
534 4765 623 4821 quac.
