<?xml version="1.0" encoding="UTF-8"?>
<!DOCTYPE html PUBLIC "-//W3C//DTD XHTML 1.0 Transitional//EN"
    "http://www.w3.org/TR/xhtml1/DTD/xhtml1-transitional.dtd">
<html xmlns="http://www.w3.org/1999/xhtml" xml:lang="en" lang="en">
 <head>
  <title>
</title>
<meta http-equiv="Content-Type" content="text/html;charset=utf-8" />
  <meta name='ocr-system' content='tesseract 3.04.00' />
  <meta name='ocr-capabilities' content='ocr_page ocr_carea ocr_par ocr_line ocrx_word'/>
</head>
<body>
  <div class='ocr_page' id='page_1' title='image "apparatusjurise00zitegoog_0077.png"; bbox 0 0 3906 5690; ppageno 0'>
   <div class='ocr_carea' id='block_1_1' title="bbox 1010 545 1151 600">
    <p class='ocr_par' dir='ltr' id='par_1_1' title="bbox 1010 545 1151 600">
     <span class='ocr_line' id='line_1_1' title="bbox 1010 545 1151 600; baseline 0 -16"><span class='ocrx_word' id='word_1_1' title='bbox 1010 545 1151 600; x_wconf 80' lang='lat'>..68...</span> 
     </span>
    </p>
   </div>
   <div class='ocr_carea' id='block_1_2' title="bbox 434 715 1732 3140">
    <p class='ocr_par' dir='ltr' id='par_1_2' title="bbox 440 715 1723 1090">
     <span class='ocr_line' id='line_1_2' title="bbox 520 715 1722 797; baseline 0.003 -21"><span class='ocrx_word' id='word_1_2' title='bbox 520 719 569 778; x_wconf 88' lang='lat'><strong>38.</strong></span> <span class='ocrx_word' id='word_1_3' title='bbox 593 715 696 782; x_wconf 84' lang='lat' dir='ltr'>Quoad</span> <span class='ocrx_word' id='word_1_4' title='bbox 717 717 976 778; x_wconf 80' lang='lat' dir='ltr'><strong>denunciationem</strong></span> <span class='ocrx_word' id='word_1_5' title='bbox 998 720 1116 797; x_wconf 92' lang='lat' dir='ltr'><strong>publice</strong></span> <span class='ocrx_word' id='word_1_6' title='bbox 1136 717 1304 778; x_wconf 78' lang='lat' dir='ltr'><strong>faciendam</strong></span> <span class='ocrx_word' id='word_1_7' title='bbox 1325 719 1363 777; x_wconf 89' lang='lat' dir='ltr'><strong>ab</strong></span> <span class='ocrx_word' id='word_1_8' title='bbox 1384 719 1530 796; x_wconf 85' lang='lat' dir='ltr'><strong>episcopo,</strong></span> <span class='ocrx_word' id='word_1_9' title='bbox 1556 717 1673 795; x_wconf 89' lang='lat' dir='ltr'><strong>quoties</strong></span> <span class='ocrx_word' id='word_1_10' title='bbox 1693 723 1722 780; x_wconf 88' lang='grc'><strong>61</strong></span> 
     </span>
     <span class='ocr_line' id='line_1_3' title="bbox 440 815 1720 896; baseline 0.002 -21"><span class='ocrx_word' id='word_1_11' title='bbox 440 816 621 891; x_wconf 87' lang='lat' dir='ltr'><strong>constiterit,</strong></span> <span class='ocrx_word' id='word_1_12' title='bbox 646 817 803 893; x_wconf 76' lang='lat' dir='ltr'><strong>regulares</strong></span> <span class='ocrx_word' id='word_1_13' title='bbox 829 817 994 876; x_wconf 81' lang='lat' dir='ltr'><strong>incurrisse</strong></span> <span class='ocrx_word' id='word_1_14' title='bbox 1019 833 1171 891; x_wconf 87' lang='lat' dir='ltr'><strong>censuras,</strong></span> <span class='ocrx_word' id='word_1_15' title='bbox 1202 835 1279 893; x_wconf 87' lang='lat' dir='ltr'><strong>quae</strong></span> <span class='ocrx_word' id='word_1_16' title='bbox 1304 817 1370 894; x_wconf 93' lang='lat' dir='ltr'><strong>ipso</strong></span> <span class='ocrx_word' id='word_1_17' title='bbox 1395 815 1474 876; x_wconf 78' lang='lat' dir='ltr'><strong>forto</strong></span> <span class='ocrx_word' id='word_1_18' title='bbox 1505 818 1720 896; x_wconf 79' lang='lat' dir='ltr'><strong>Incurruntur3</strong></span> 
     </span>
     <span class='ocr_line' id='line_1_4' title="bbox 440 913 1723 992; baseline 0.002 -18"><span class='ocrx_word' id='word_1_19' title='bbox 440 915 598 974; x_wconf 93' lang='lat' dir='ltr'><strong>dummodo</strong></span> <span class='ocrx_word' id='word_1_20' title='bbox 619 915 693 974; x_wconf 85' lang='lat' dir='ltr'><strong>haee</strong></span> <span class='ocrx_word' id='word_1_21' title='bbox 714 915 906 974; x_wconf 78' lang='lat' dir='ltr'><strong>denunciatio</strong></span> <span class='ocrx_word' id='word_1_22' title='bbox 927 917 1099 974; x_wconf 90' lang='lat' dir='ltr'><strong>animarum</strong></span> <span class='ocrx_word' id='word_1_23' title='bbox 1120 915 1212 974; x_wconf 88' lang='lat' dir='ltr'><strong>saluti</strong></span> <span class='ocrx_word' id='word_1_24' title='bbox 1233 913 1395 992; x_wconf 75' lang='grc'><strong>6161111616</strong></span> <span class='ocrx_word' id='word_1_25' title='bbox 1414 915 1564 989; x_wconf 82' lang='lat' dir='ltr'><strong>videatur,</strong></span> <span class='ocrx_word' id='word_1_26' title='bbox 1582 933 1620 974; x_wconf 83' lang='lat' dir='ltr'><strong>ex</strong></span> <span class='ocrx_word' id='word_1_27' title='bbox 1640 915 1723 977; x_wconf 77' lang='lat' dir='ltr'><strong>Qun-</strong></span> 
     </span>
     <span class='ocr_line' id='line_1_5' title="bbox 440 1011 1014 1090; baseline -0.003 -16"><span class='ocrx_word' id='word_1_28' title='bbox 440 1033 597 1074; x_wconf 74' lang='grc'><strong>6661166.</strong></span> <span class='ocrx_word' id='word_1_29' title='bbox 621 1011 645 1072; x_wconf 92' lang='lat'><strong>1.</strong></span> <span class='ocrx_word' id='word_1_30' title='bbox 669 1013 826 1090; x_wconf 75' lang='lat' dir='ltr'><strong>RelipIost,</strong></span> <span class='ocrx_word' id='word_1_31' title='bbox 852 1013 888 1072; x_wconf 94' lang='lat' dir='ltr'><strong>de</strong></span> <span class='ocrx_word' id='word_1_32' title='bbox 909 1013 1014 1090; x_wconf 79' lang='lat' dir='ltr'><strong>priril.</strong></span> 
     </span>
    </p>

    <p class='ocr_par' dir='ltr' id='par_1_3' title="bbox 437 1109 1732 1384">
     <span class='ocr_line' id='line_1_6' title="bbox 519 1109 1721 1185; baseline 0.002 -16"><span class='ocrx_word' id='word_1_33' title='bbox 519 1111 568 1170; x_wconf 92' lang='grc'><strong>39.</strong></span> <span class='ocrx_word' id='word_1_34' title='bbox 585 1109 689 1175; x_wconf 85' lang='lat' dir='ltr'><strong>Quoad</strong></span> <span class='ocrx_word' id='word_1_35' title='bbox 702 1111 897 1170; x_wconf 81' lang='lat' dir='ltr'><strong>violationem</strong></span> <span class='ocrx_word' id='word_1_36' title='bbox 908 1111 1110 1170; x_wconf 87' lang='lat' dir='ltr'><strong>immunitatis</strong></span> <span class='ocrx_word' id='word_1_37' title='bbox 1120 1111 1350 1185; x_wconf 89' lang='lat' dir='ltr'><strong>ecclesiasticae,</strong></span> <span class='ocrx_word' id='word_1_38' title='bbox 1365 1129 1401 1170; x_wconf 88' lang='lat' dir='ltr'><strong>ex</strong></span> <span class='ocrx_word' id='word_1_39' title='bbox 1412 1113 1507 1170; x_wconf 90' lang='lat' dir='ltr'><strong>const.</strong></span> <span class='ocrx_word' id='word_1_40' title='bbox 1521 1109 1621 1172; x_wconf 81' lang='lat' dir='ltr'><strong>Gnno.</strong></span> <span class='ocrx_word' id='word_1_41' title='bbox 1634 1111 1721 1172; x_wconf 86' lang='lat' dir='ltr'><strong>XIV.</strong></span> 
     </span>
     <span class='ocr_line' id='line_1_7' title="bbox 443 1205 1723 1286; baseline -0.002 -18"><span class='ocrx_word' id='word_1_42' title='bbox 443 1209 520 1268; x_wconf 86' lang='lat' dir='ltr'><strong>Cum</strong></span> <span class='ocrx_word' id='word_1_43' title='bbox 540 1210 622 1269; x_wconf 85' lang='lat' dir='ltr'><strong>alius</strong></span> <span class='ocrx_word' id='word_1_44' title='bbox 643 1208 682 1266; x_wconf 91' lang='grc'><strong>24</strong></span> <span class='ocrx_word' id='word_1_45' title='bbox 703 1210 775 1267; x_wconf 87' lang='lat' dir='ltr'><strong>maii</strong></span> <span class='ocrx_word' id='word_1_46' title='bbox 799 1207 874 1267; x_wconf 88' lang='grc'>1591</span> <span class='ocrx_word' id='word_1_47' title='bbox 896 1211 928 1268; x_wconf 86' lang='grc'><strong>61</strong></span> <span class='ocrx_word' id='word_1_48' title='bbox 949 1210 1070 1270; x_wconf 77' lang='lat' dir='ltr'><strong>Basso.</strong></span> <span class='ocrx_word' id='word_1_49' title='bbox 1094 1209 1180 1269; x_wconf 89' lang='lat' dir='ltr'>XIII.</span> <span class='ocrx_word' id='word_1_50' title='bbox 1205 1211 1257 1267; x_wconf 76' lang='lat' dir='ltr'><strong>Em</strong></span> <span class='ocrx_word' id='word_1_51' title='bbox 1277 1227 1338 1286; x_wconf 81' lang='lat' dir='ltr'><strong>quo</strong></span> <span class='ocrx_word' id='word_1_52' title='bbox 1357 1207 1388 1268; x_wconf 99' lang='grc'><strong>6.</strong></span> <span class='ocrx_word' id='word_1_53' title='bbox 1411 1209 1455 1268; x_wconf 93' lang='lat' dir='ltr'><strong>Id.</strong></span> <span class='ocrx_word' id='word_1_54' title='bbox 1473 1207 1549 1266; x_wconf 91' lang='lat' dir='ltr'><strong>iunii</strong></span> <span class='ocrx_word' id='word_1_55' title='bbox 1567 1205 1667 1282; x_wconf 67' lang='lat'><strong>1725,</strong></span> <span class='ocrx_word' id='word_1_56' title='bbox 1690 1212 1723 1268; x_wconf 91' lang='lat' dir='ltr'><strong>et</strong></span> 
     </span>
     <span class='ocr_line' id='line_1_8' title="bbox 437 1305 1732 1384; baseline -0.001 -19"><span class='ocrx_word' id='word_1_57' title='bbox 437 1325 474 1365; x_wconf 84' lang='lat' dir='ltr'><strong>ex</strong></span> <span class='ocrx_word' id='word_1_58' title='bbox 494 1307 615 1366; x_wconf 89' lang='lat' dir='ltr'><strong>decreto</strong></span> <span class='ocrx_word' id='word_1_59' title='bbox 636 1307 734 1369; x_wconf 78' lang='lat' dir='ltr'><strong>Cous.</strong></span> <span class='ocrx_word' id='word_1_60' title='bbox 758 1307 978 1368; x_wconf 76' lang='lat' dir='ltr'><strong>Iumumrarrs</strong></span> <span class='ocrx_word' id='word_1_61' title='bbox 998 1307 1018 1365; x_wconf 88' lang='lat'><strong>3</strong></span> <span class='ocrx_word' id='word_1_62' title='bbox 1038 1306 1096 1367; x_wconf 84' lang='lat' dir='ltr'><strong>leb.</strong></span> <span class='ocrx_word' id='word_1_63' title='bbox 1122 1305 1200 1365; x_wconf 78' lang='lat'>1637</span> <span class='ocrx_word' id='word_1_64' title='bbox 1220 1309 1252 1367; x_wconf 89' lang='lat' dir='ltr'><strong>et</strong></span> <span class='ocrx_word' id='word_1_65' title='bbox 1272 1308 1303 1366; x_wconf 92' lang='lat' dir='ltr'><strong>in</strong></span> <span class='ocrx_word' id='word_1_66' title='bbox 1325 1307 1458 1384; x_wconf 68' lang='lat' dir='ltr'><strong>Papiam.</strong></span> <span class='ocrx_word' id='word_1_67' title='bbox 1481 1305 1521 1364; x_wconf 90' lang='grc'><strong>28</strong></span> <span class='ocrx_word' id='word_1_68' title='bbox 1539 1305 1606 1364; x_wconf 90' lang='lat' dir='ltr'><strong>iulii</strong></span> <span class='ocrx_word' id='word_1_69' title='bbox 1629 1305 1732 1367; x_wconf 74' lang='grc'><strong>1736.</strong></span> 
     </span>
    </p>

    <p class='ocr_par' dir='ltr' id='par_1_4' title="bbox 437 1403 1724 1857">
     <span class='ocr_line' id='line_1_9' title="bbox 517 1403 1723 1482; baseline 0.001 -20"><span class='ocrx_word' id='word_1_70' title='bbox 517 1403 566 1464; x_wconf 89' lang='grc'><strong>40.</strong></span> <span class='ocrx_word' id='word_1_71' title='bbox 590 1403 694 1469; x_wconf 88' lang='lat' dir='ltr'><strong>Quoad</strong></span> <span class='ocrx_word' id='word_1_72' title='bbox 714 1403 908 1463; x_wconf 86' lang='lat' dir='ltr'><strong>offensionem</strong></span> <span class='ocrx_word' id='word_1_73' title='bbox 929 1404 987 1481; x_wconf 94' lang='lat' dir='ltr'><strong>ipsi</strong></span> <span class='ocrx_word' id='word_1_74' title='bbox 1009 1406 1146 1482; x_wconf 89' lang='lat' dir='ltr'><strong>episeopo</strong></span> <span class='ocrx_word' id='word_1_75' title='bbox 1167 1423 1186 1464; x_wconf 90' lang='lat' dir='ltr'><strong>a</strong></span> <span class='ocrx_word' id='word_1_76' title='bbox 1206 1405 1399 1481; x_wconf 84' lang='lat' dir='ltr'><strong>regularibus</strong></span> <span class='ocrx_word' id='word_1_77' title='bbox 1417 1405 1510 1463; x_wconf 88' lang='lat' dir='ltr'><strong>etiam</strong></span> <span class='ocrx_word' id='word_1_78' title='bbox 1524 1404 1556 1463; x_wconf 88' lang='lat' dir='ltr'><strong>S.</strong></span> <span class='ocrx_word' id='word_1_79' title='bbox 1574 1405 1620 1464; x_wconf 93' lang='lat' dir='ltr'><strong>lo:</strong></span> <span class='ocrx_word' id='word_1_80' title='bbox 1645 1405 1723 1463; x_wconf 89' lang='lat' dir='ltr'><strong>Hie-</strong></span> 
     </span>
     <span class='ocr_line' id='line_1_10' title="bbox 437 1502 1716 1580; baseline -0.002 -18"><span class='ocrx_word' id='word_1_81' title='bbox 437 1503 647 1578; x_wconf 87' lang='lat' dir='ltr'><strong>rosolymitani</strong></span> <span class='ocrx_word' id='word_1_82' title='bbox 668 1502 795 1576; x_wconf 88' lang='lat' dir='ltr'><strong>illatam,</strong></span> <span class='ocrx_word' id='word_1_83' title='bbox 820 1506 851 1561; x_wconf 91' lang='lat' dir='ltr'><strong>et</strong></span> <span class='ocrx_word' id='word_1_84' title='bbox 871 1503 969 1578; x_wconf 90' lang='lat' dir='ltr'><strong>quoad</strong></span> <span class='ocrx_word' id='word_1_85' title='bbox 992 1503 1239 1580; x_wconf 80' lang='lat' dir='ltr'><strong>impedimentum</strong></span> <span class='ocrx_word' id='word_1_86' title='bbox 1260 1503 1477 1562; x_wconf 87' lang='lat' dir='ltr'><strong>iurisdictionis</strong></span> <span class='ocrx_word' id='word_1_87' title='bbox 1500 1502 1716 1578; x_wconf 82' lang='lat' dir='ltr'><strong>praelatorum,</strong></span> 
     </span>
     <span class='ocr_line' id='line_1_11' title="bbox 437 1600 1724 1677; baseline -0.001 -17"><span class='ocrx_word' id='word_1_88' title='bbox 437 1619 475 1660; x_wconf 91' lang='lat' dir='ltr'><strong>ne</strong></span> <span class='ocrx_word' id='word_1_89' title='bbox 500 1619 610 1660; x_wconf 90' lang='lat' dir='ltr'><strong>munus</strong></span> <span class='ocrx_word' id='word_1_90' title='bbox 637 1619 724 1660; x_wconf 92' lang='lat' dir='ltr'><strong>suum</strong></span> <span class='ocrx_word' id='word_1_91' title='bbox 754 1603 950 1677; x_wconf 84' lang='lat' dir='ltr'><strong>exequantur,</strong></span> <span class='ocrx_word' id='word_1_92' title='bbox 981 1619 1017 1660; x_wconf 82' lang='lat' dir='ltr'><strong>ex</strong></span> <span class='ocrx_word' id='word_1_93' title='bbox 1043 1602 1162 1660; x_wconf 87' lang='lat' dir='ltr'><strong>decreto</strong></span> <span class='ocrx_word' id='word_1_94' title='bbox 1189 1602 1337 1677; x_wconf 81' lang='lat' dir='ltr'><strong>Congreg.</strong></span> <span class='ocrx_word' id='word_1_95' title='bbox 1370 1600 1483 1660; x_wconf 83' lang='lat' dir='ltr'><strong>Ooncil.</strong></span> <span class='ocrx_word' id='word_1_96' title='bbox 1512 1600 1677 1677; x_wconf 85' lang='lat' dir='ltr'><strong>approbato</strong></span> <span class='ocrx_word' id='word_1_97' title='bbox 1703 1617 1724 1659; x_wconf 89' lang='lat' dir='ltr'><strong>a</strong></span> 
     </span>
     <span class='ocr_line' id='line_1_12' title="bbox 437 1695 1719 1775; baseline 0.001 -19"><span class='ocrx_word' id='word_1_98' title='bbox 437 1699 602 1760; x_wconf 79' lang='lat' dir='ltr'><strong>Gaaooaio</strong></span> <span class='ocrx_word' id='word_1_99' title='bbox 632 1699 708 1762; x_wconf 87' lang='lat' dir='ltr'>XIII</span> <span class='ocrx_word' id='word_1_100' title='bbox 739 1699 836 1758; x_wconf 91' lang='lat' dir='ltr'><strong>relato</strong></span> <span class='ocrx_word' id='word_1_101' title='bbox 866 1715 886 1756; x_wconf 91' lang='lat' dir='ltr'><strong>a</strong></span> <span class='ocrx_word' id='word_1_102' title='bbox 916 1697 1054 1774; x_wconf 83' lang='lat' dir='ltr'><strong>Fagnan.</strong></span> <span class='ocrx_word' id='word_1_103' title='bbox 1087 1699 1119 1757; x_wconf 87' lang='lat' dir='ltr'><strong>In</strong></span> <span class='ocrx_word' id='word_1_104' title='bbox 1151 1699 1223 1775; x_wconf 85' lang='grc'><strong>066.</strong></span> <span class='ocrx_word' id='word_1_105' title='bbox 1263 1697 1367 1757; x_wconf 60' lang='lat' dir='ltr'><strong>aare</strong></span> <span class='ocrx_word' id='word_1_106' title='bbox 1393 1699 1534 1774; x_wconf 71' lang='grc'><strong>66616666</strong></span> <span class='ocrx_word' id='word_1_107' title='bbox 1564 1698 1601 1757; x_wconf 94' lang='lat' dir='ltr'><strong>de</strong></span> <span class='ocrx_word' id='word_1_108' title='bbox 1632 1695 1719 1758; x_wconf 86' lang='lat' dir='ltr'><strong>Offic.</strong></span> 
     </span>
     <span class='ocr_line' id='line_1_13' title="bbox 438 1795 664 1857; baseline 0.013 -3"><span class='ocrx_word' id='word_1_109' title='bbox 438 1795 536 1856; x_wconf 91' lang='lat' dir='ltr'><strong>ordin.</strong></span> <span class='ocrx_word' id='word_1_110' title='bbox 560 1813 590 1856; x_wconf 87' lang='lat' dir='ltr'><strong>n.</strong></span> <span class='ocrx_word' id='word_1_111' title='bbox 614 1795 664 1857; x_wconf 90' lang='grc'><strong>79.</strong></span> 
     </span>
    </p>

    <p class='ocr_par' dir='ltr' id='par_1_5' title="bbox 435 1893 1719 2054">
     <span class='ocr_line' id='line_1_14' title="bbox 517 1893 1719 1972; baseline 0 -20"><span class='ocrx_word' id='word_1_112' title='bbox 517 1894 566 1954; x_wconf 92' lang='grc'><strong>41.</strong></span> <span class='ocrx_word' id='word_1_113' title='bbox 590 1893 693 1958; x_wconf 81' lang='lat' dir='ltr'><strong>Quoad</strong></span> <span class='ocrx_word' id='word_1_114' title='bbox 714 1895 877 1953; x_wconf 81' lang='lat' dir='ltr'><strong>laesionem</strong></span> <span class='ocrx_word' id='word_1_115' title='bbox 898 1895 1117 1968; x_wconf 89' lang='lat' dir='ltr'><strong>ministrorum,</strong></span> <span class='ocrx_word' id='word_1_116' title='bbox 1143 1897 1175 1953; x_wconf 92' lang='lat' dir='ltr'><strong>et</strong></span> <span class='ocrx_word' id='word_1_117' title='bbox 1205 1893 1376 1952; x_wconf 86' lang='lat' dir='ltr'><strong>officialium</strong></span> <span class='ocrx_word' id='word_1_118' title='bbox 1402 1894 1505 1952; x_wconf 87' lang='lat' dir='ltr'><strong>curiae</strong></span> <span class='ocrx_word' id='word_1_119' title='bbox 1530 1893 1719 1972; x_wconf 89' lang='lat' dir='ltr'><strong>episcopalis,</strong></span> 
     </span>
     <span class='ocr_line' id='line_1_15' title="bbox 435 1989 1359 2054; baseline 0 -4"><span class='ocrx_word' id='word_1_120' title='bbox 435 2009 472 2050; x_wconf 84' lang='lat' dir='ltr'><strong>ex</strong></span> <span class='ocrx_word' id='word_1_121' title='bbox 493 1989 613 2052; x_wconf 89' lang='lat' dir='ltr'><strong>decreto</strong></span> <span class='ocrx_word' id='word_1_122' title='bbox 635 1993 733 2054; x_wconf 80' lang='lat' dir='ltr'><strong>Gonu.</strong></span> <span class='ocrx_word' id='word_1_123' title='bbox 756 1993 860 2054; x_wconf 76' lang='lat' dir='ltr'><strong>Enisa.</strong></span> <span class='ocrx_word' id='word_1_124' title='bbox 885 1993 916 2051; x_wconf 90' lang='lat' dir='ltr'><strong>et</strong></span> <span class='ocrx_word' id='word_1_125' title='bbox 936 1993 1058 2054; x_wconf 81' lang='lat' dir='ltr'><strong>Rnour..</strong></span> <span class='ocrx_word' id='word_1_126' title='bbox 1083 1992 1122 2049; x_wconf 96' lang='grc'><strong>27</strong></span> <span class='ocrx_word' id='word_1_127' title='bbox 1143 1992 1248 2050; x_wconf 90' lang='lat' dir='ltr'><strong>martii</strong></span> <span class='ocrx_word' id='word_1_128' title='bbox 1271 1990 1359 2050; x_wconf 92' lang='grc'><strong>1692.</strong></span> 
     </span>
    </p>

    <p class='ocr_par' dir='ltr' id='par_1_6' title="bbox 435 2089 1724 2555">
     <span class='ocr_line' id='line_1_16' title="bbox 516 2089 1722 2166; baseline 0.002 -18"><span class='ocrx_word' id='word_1_129' title='bbox 516 2089 566 2149; x_wconf 90' lang='grc'><strong>42.</strong></span> <span class='ocrx_word' id='word_1_130' title='bbox 589 2089 692 2153; x_wconf 88' lang='lat' dir='ltr'><strong>Quoad</strong></span> <span class='ocrx_word' id='word_1_131' title='bbox 713 2090 897 2166; x_wconf 87' lang='lat' dir='ltr'><strong>praestanda</strong></span> <span class='ocrx_word' id='word_1_132' title='bbox 922 2090 1070 2166; x_wconf 88' lang='lat' dir='ltr'><strong>Episcopo</strong></span> <span class='ocrx_word' id='word_1_133' title='bbox 1095 2089 1197 2149; x_wconf 89' lang='lat' dir='ltr'><strong>debita</strong></span> <span class='ocrx_word' id='word_1_134' title='bbox 1221 2089 1374 2165; x_wconf 90' lang='lat' dir='ltr'><strong>obsequia,</strong></span> <span class='ocrx_word' id='word_1_135' title='bbox 1404 2093 1435 2148; x_wconf 90' lang='lat' dir='ltr'><strong>et</strong></span> <span class='ocrx_word' id='word_1_136' title='bbox 1461 2089 1631 2148; x_wconf 87' lang='lat' dir='ltr'><strong>baldachini</strong></span> <span class='ocrx_word' id='word_1_137' title='bbox 1651 2109 1722 2150; x_wconf 90' lang='lat' dir='ltr'><strong>ere-</strong></span> 
     </span>
     <span class='ocr_line' id='line_1_17' title="bbox 435 2185 1724 2264; baseline 0.002 -19"><span class='ocrx_word' id='word_1_138' title='bbox 435 2186 566 2246; x_wconf 90' lang='lat' dir='ltr'><strong>ctionem</strong></span> <span class='ocrx_word' id='word_1_139' title='bbox 587 2185 619 2244; x_wconf 91' lang='lat' dir='ltr'><strong>in</strong></span> <span class='ocrx_word' id='word_1_140' title='bbox 640 2187 706 2246; x_wconf 91' lang='lat' dir='ltr'><strong>eius</strong></span> <span class='ocrx_word' id='word_1_141' title='bbox 726 2204 847 2246; x_wconf 87' lang='lat' dir='ltr'><strong>accessu</strong></span> <span class='ocrx_word' id='word_1_142' title='bbox 870 2187 907 2245; x_wconf 89' lang='lat' dir='ltr'><strong>ad</strong></span> <span class='ocrx_word' id='word_1_143' title='bbox 928 2187 1050 2246; x_wconf 90' lang='lat' dir='ltr'><strong>illorum</strong></span> <span class='ocrx_word' id='word_1_144' title='bbox 1065 2186 1216 2260; x_wconf 89' lang='lat' dir='ltr'><strong>ecclesias,</strong></span> <span class='ocrx_word' id='word_1_145' title='bbox 1234 2204 1289 2263; x_wconf 92' lang='lat' dir='ltr'><strong>pro</strong></span> <span class='ocrx_word' id='word_1_146' title='bbox 1304 2187 1345 2244; x_wconf 93' lang='lat' dir='ltr'><strong>ibi</strong></span> <span class='ocrx_word' id='word_1_147' title='bbox 1359 2186 1546 2246; x_wconf 88' lang='lat' dir='ltr'><strong>celebrandis</strong></span> <span class='ocrx_word' id='word_1_148' title='bbox 1560 2187 1724 2264; x_wconf 87' lang='lat' dir='ltr'><strong>pontifica-</strong></span> 
     </span>
     <span class='ocr_line' id='line_1_18' title="bbox 435 2283 1722 2360; baseline 0.001 -17"><span class='ocrx_word' id='word_1_149' title='bbox 435 2284 530 2345; x_wconf 90' lang='lat' dir='ltr'><strong>libus:</strong></span> <span class='ocrx_word' id='word_1_150' title='bbox 554 2284 632 2360; x_wconf 90' lang='lat' dir='ltr'><strong>quod</strong></span> <span class='ocrx_word' id='word_1_151' title='bbox 653 2283 680 2342; x_wconf 92' lang='lat' dir='ltr'><strong>si</strong></span> <span class='ocrx_word' id='word_1_152' title='bbox 700 2283 799 2342; x_wconf 86' lang='lat' dir='ltr'><strong>facere</strong></span> <span class='ocrx_word' id='word_1_153' title='bbox 820 2286 958 2358; x_wconf 88' lang='lat' dir='ltr'><strong>renuant,</strong></span> <span class='ocrx_word' id='word_1_154' title='bbox 984 2287 1084 2360; x_wconf 90' lang='lat' dir='ltr'><strong>potest</strong></span> <span class='ocrx_word' id='word_1_155' title='bbox 1109 2285 1187 2343; x_wconf 88' lang='lat' dir='ltr'><strong>idem</strong></span> <span class='ocrx_word' id='word_1_156' title='bbox 1208 2283 1373 2360; x_wconf 86' lang='lat' dir='ltr'><strong>Episcopus</strong></span> <span class='ocrx_word' id='word_1_157' title='bbox 1394 2285 1508 2360; x_wconf 89' lang='lat' dir='ltr'><strong>absque</strong></span> <span class='ocrx_word' id='word_1_158' title='bbox 1533 2283 1595 2344; x_wconf 91' lang='grc'><strong>6116</strong></span> <span class='ocrx_word' id='word_1_159' title='bbox 1620 2287 1722 2344; x_wconf 86' lang='lat' dir='ltr'><strong>moni-</strong></span> 
     </span>
     <span class='ocr_line' id='line_1_19' title="bbox 436 2381 1718 2456; baseline 0.004 -16"><span class='ocrx_word' id='word_1_160' title='bbox 436 2381 518 2441; x_wconf 89' lang='lat' dir='ltr'><strong>tione</strong></span> <span class='ocrx_word' id='word_1_161' title='bbox 539 2381 734 2440; x_wconf 76' lang='lat' dir='ltr'><strong>Interdictum</strong></span> <span class='ocrx_word' id='word_1_162' title='bbox 755 2381 899 2440; x_wconf 88' lang='lat' dir='ltr'><strong>ecclesiae</strong></span> <span class='ocrx_word' id='word_1_163' title='bbox 920 2381 1062 2456; x_wconf 87' lang='lat' dir='ltr'><strong>indicere,</strong></span> <span class='ocrx_word' id='word_1_164' title='bbox 1086 2385 1118 2442; x_wconf 89' lang='grc'><strong>61</strong></span> <span class='ocrx_word' id='word_1_165' title='bbox 1139 2382 1327 2456; x_wconf 90' lang='lat' dir='ltr'><strong>denuntiare,</strong></span> <span class='ocrx_word' id='word_1_166' title='bbox 1352 2401 1387 2440; x_wconf 87' lang='lat' dir='ltr'><strong>ex</strong></span> <span class='ocrx_word' id='word_1_167' title='bbox 1402 2383 1481 2442; x_wconf 87' lang='lat' dir='ltr'><strong>decr.</strong></span> <span class='ocrx_word' id='word_1_168' title='bbox 1499 2382 1597 2444; x_wconf 82' lang='lat' dir='ltr'><strong>Gonu.</strong></span> <span class='ocrx_word' id='word_1_169' title='bbox 1621 2383 1718 2446; x_wconf 80' lang='lat' dir='ltr'><strong>Qouc.</strong></span> 
     </span>
     <span class='ocr_line' id='line_1_20' title="bbox 436 2477 1117 2555; baseline 0.003 -17"><span class='ocrx_word' id='word_1_170' title='bbox 436 2479 467 2538; x_wconf 94' lang='lat' dir='ltr'><strong>in</strong></span> <span class='ocrx_word' id='word_1_171' title='bbox 497 2481 681 2555; x_wconf 61' lang='lat' dir='ltr'><strong>Venafrano</strong></span> <span class='ocrx_word' id='word_1_172' title='bbox 703 2477 1003 2540; x_wconf 82' lang='grc'><strong>161616161126166.</strong></span> <span class='ocrx_word' id='word_1_173' title='bbox 1029 2477 1117 2540; x_wconf 83' lang='lat'>1697.</span> 
     </span>
    </p>

    <p class='ocr_par' dir='ltr' id='par_1_7' title="bbox 435 2575 1723 2931">
     <span class='ocr_line' id='line_1_21' title="bbox 516 2575 1715 2658; baseline 0.003 -24"><span class='ocrx_word' id='word_1_174' title='bbox 516 2576 566 2636; x_wconf 91' lang='grc'><strong>43.</strong></span> <span class='ocrx_word' id='word_1_175' title='bbox 589 2576 692 2640; x_wconf 85' lang='lat' dir='ltr'><strong>Quoad</strong></span> <span class='ocrx_word' id='word_1_176' title='bbox 712 2575 901 2654; x_wconf 83' lang='lat' dir='ltr'><strong>punitionem</strong></span> <span class='ocrx_word' id='word_1_177' title='bbox 923 2577 1025 2636; x_wconf 87' lang='lat' dir='ltr'><strong>delicti</strong></span> <span class='ocrx_word' id='word_1_178' title='bbox 1046 2578 1197 2636; x_wconf 89' lang='lat' dir='ltr'><strong>commissi</strong></span> <span class='ocrx_word' id='word_1_179' title='bbox 1218 2579 1325 2638; x_wconf 90' lang='lat' dir='ltr'><strong>contra</strong></span> <span class='ocrx_word' id='word_1_180' title='bbox 1349 2595 1494 2656; x_wconf 88' lang='lat' dir='ltr'><strong>personas</strong></span> <span class='ocrx_word' id='word_1_181' title='bbox 1519 2577 1600 2638; x_wconf 86' lang='lat' dir='ltr'><strong>infra</strong></span> <span class='ocrx_word' id='word_1_182' title='bbox 1621 2581 1715 2658; x_wconf 82' lang='lat' dir='ltr'><strong>septa,</strong></span> 
     </span>
     <span class='ocr_line' id='line_1_22' title="bbox 435 2673 1723 2750; baseline 0.002 -16"><span class='ocrx_word' id='word_1_183' title='bbox 435 2675 489 2734; x_wconf 89' lang='lat' dir='ltr'><strong>aut</strong></span> <span class='ocrx_word' id='word_1_184' title='bbox 508 2673 590 2734; x_wconf 87' lang='lat' dir='ltr'><strong>circa</strong></span> <span class='ocrx_word' id='word_1_185' title='bbox 610 2675 791 2750; x_wconf 87' lang='lat' dir='ltr'><strong>clausuram,</strong></span> <span class='ocrx_word' id='word_1_186' title='bbox 818 2675 868 2734; x_wconf 85' lang='lat' dir='ltr'><strong>vel</strong></span> <span class='ocrx_word' id='word_1_187' title='bbox 889 2675 1035 2734; x_wconf 88' lang='lat' dir='ltr'><strong>bonorum</strong></span> <span class='ocrx_word' id='word_1_188' title='bbox 1056 2677 1349 2736; x_wconf 87' lang='lat' dir='ltr'><strong>administrationem</strong></span> <span class='ocrx_word' id='word_1_189' title='bbox 1374 2677 1628 2736; x_wconf 84' lang='lat' dir='ltr'><strong>monasteriorum</strong></span> <span class='ocrx_word' id='word_1_190' title='bbox 1653 2696 1723 2737; x_wconf 92' lang='lat' dir='ltr'><strong>mo-</strong></span> 
     </span>
     <span class='ocr_line' id='line_1_23' title="bbox 435 2771 1719 2850; baseline 0.002 -19"><span class='ocrx_word' id='word_1_191' title='bbox 435 2771 571 2848; x_wconf 78' lang='grc'><strong>6161166,</strong></span> <span class='ocrx_word' id='word_1_192' title='bbox 598 2773 672 2850; x_wconf 81' lang='lat' dir='ltr'><strong>Ipsis</strong></span> <span class='ocrx_word' id='word_1_193' title='bbox 692 2773 886 2850; x_wconf 87' lang='lat' dir='ltr'><strong>regularibus</strong></span> <span class='ocrx_word' id='word_1_194' title='bbox 908 2774 1121 2850; x_wconf 87' lang='lat' dir='ltr'><strong>subiectarum,</strong></span> <span class='ocrx_word' id='word_1_195' title='bbox 1140 2793 1176 2834; x_wconf 85' lang='lat' dir='ltr'><strong>ex</strong></span> <span class='ocrx_word' id='word_1_196' title='bbox 1197 2777 1292 2836; x_wconf 90' lang='lat' dir='ltr'><strong>const.</strong></span> <span class='ocrx_word' id='word_1_197' title='bbox 1309 2775 1410 2837; x_wconf 75' lang='lat' dir='ltr'><strong>(inno.</strong></span> <span class='ocrx_word' id='word_1_198' title='bbox 1427 2776 1495 2836; x_wconf 90' lang='lat' dir='ltr'><strong>XV.</strong></span> <span class='ocrx_word' id='word_1_199' title='bbox 1517 2775 1719 2837; x_wconf 80' lang='grc' dir='ltr'><strong>[666161611ῖί</strong></span> 
     </span>
     <span class='ocr_line' id='line_1_24' title="bbox 435 2869 647 2931; baseline 0.005 -2"><span class='ocrx_word' id='word_1_200' title='bbox 435 2869 534 2931; x_wconf 77' lang='grc'><strong>5161).</strong></span> <span class='ocrx_word' id='word_1_201' title='bbox 560 2869 647 2930; x_wconf 92' lang='grc'><strong>1022.</strong></span> 
     </span>
    </p>

    <p class='ocr_par' dir='ltr' id='par_1_8' title="bbox 434 2965 1722 3140">
     <span class='ocr_line' id='line_1_25' title="bbox 515 2965 1722 3043; baseline 0.006 -19"><span class='ocrx_word' id='word_1_202' title='bbox 515 2969 565 3026; x_wconf 92' lang='grc'><strong>44.</strong></span> <span class='ocrx_word' id='word_1_203' title='bbox 589 2967 692 3029; x_wconf 89' lang='lat' dir='ltr'><strong>Quoad</strong></span> <span class='ocrx_word' id='word_1_204' title='bbox 712 2965 923 3021; x_wconf 83' lang='lat' dir='ltr'><strong>coercitionem</strong></span> <span class='ocrx_word' id='word_1_205' title='bbox 945 2981 1000 3038; x_wconf 91' lang='lat' dir='ltr'><strong>per</strong></span> <span class='ocrx_word' id='word_1_206' title='bbox 1013 2981 1157 3023; x_wconf 87' lang='lat' dir='ltr'><strong>censuras</strong></span> <span class='ocrx_word' id='word_1_207' title='bbox 1170 2971 1295 3043; x_wconf 87' lang='lat' dir='ltr'><strong>propter</strong></span> <span class='ocrx_word' id='word_1_208' title='bbox 1308 2969 1545 3030; x_wconf 80' lang='lat' dir='ltr'><strong>benedictionem</strong></span> <span class='ocrx_word' id='word_1_209' title='bbox 1560 2971 1722 3031; x_wconf 89' lang='lat' dir='ltr'><strong>eeclesias-</strong></span> 
     </span>
     <span class='ocr_line' id='line_1_26' title="bbox 434 3061 1721 3140; baseline 0.005 -19"><span class='ocrx_word' id='word_1_210' title='bbox 434 3065 572 3133; x_wconf 87' lang='lat' dir='ltr'><strong>tioorum,</strong></span> <span class='ocrx_word' id='word_1_211' title='bbox 598 3063 629 3118; x_wconf 89' lang='lat' dir='ltr'><strong>et</strong></span> <span class='ocrx_word' id='word_1_212' title='bbox 650 3077 805 3118; x_wconf 90' lang='lat' dir='ltr'><strong>sacrorum</strong></span> <span class='ocrx_word' id='word_1_213' title='bbox 827 3061 1073 3135; x_wconf 85' lang='lat' dir='ltr'><strong>paramentorum</strong></span> <span class='ocrx_word' id='word_1_214' title='bbox 1094 3062 1132 3118; x_wconf 90' lang='lat' dir='ltr'><strong>ab</strong></span> <span class='ocrx_word' id='word_1_215' title='bbox 1153 3062 1228 3138; x_wconf 91' lang='lat' dir='ltr'><strong>ipsis</strong></span> <span class='ocrx_word' id='word_1_216' title='bbox 1248 3063 1360 3122; x_wconf 84' lang='lat' dir='ltr'><strong>factam</strong></span> <span class='ocrx_word' id='word_1_217' title='bbox 1382 3083 1437 3140; x_wconf 89' lang='lat' dir='ltr'><strong>pro</strong></span> <span class='ocrx_word' id='word_1_218' title='bbox 1452 3084 1508 3123; x_wconf 90' lang='lat' dir='ltr'><strong>usu</strong></span> <span class='ocrx_word' id='word_1_219' title='bbox 1522 3067 1654 3127; x_wconf 90' lang='lat' dir='ltr'><strong>aliarum</strong></span> <span class='ocrx_word' id='word_1_220' title='bbox 1669 3089 1721 3128; x_wconf 89' lang='grc'><strong>66-</strong></span> 
     </span>
    </p>
   </div>
   <div class='ocr_carea' id='block_1_3' title="bbox 430 3151 1751 4606">
    <p class='ocr_par' dir='ltr' id='par_1_9' title="bbox 433 3151 1751 3334">
     <span class='ocr_line' id='line_1_27' title="bbox 433 3151 1751 3234; baseline 0.005 -18"><span class='ocrx_word' id='word_1_221' title='bbox 433 3157 604 3228; x_wconf 89' lang='lat' dir='ltr'><strong>clesiarum,</strong></span> <span class='ocrx_word' id='word_1_222' title='bbox 630 3173 666 3214; x_wconf 81' lang='lat' dir='ltr'><strong>ex</strong></span> <span class='ocrx_word' id='word_1_223' title='bbox 687 3157 806 3215; x_wconf 90' lang='lat' dir='ltr'><strong>decreto</strong></span> <span class='ocrx_word' id='word_1_224' title='bbox 827 3157 947 3218; x_wconf 78' lang='lat' dir='ltr'><strong>Genua.</strong></span> <span class='ocrx_word' id='word_1_225' title='bbox 965 3157 1097 3218; x_wconf 81' lang='lat' dir='ltr'><strong>Riruum</strong></span> <span class='ocrx_word' id='word_1_226' title='bbox 1112 3157 1143 3216; x_wconf 96' lang='lat' dir='ltr'><strong>in</strong></span> <span class='ocrx_word' id='word_1_227' title='bbox 1158 3159 1286 3218; x_wconf 88' lang='lat' dir='ltr'><strong>decretis</strong></span> <span class='ocrx_word' id='word_1_228' title='bbox 1300 3161 1492 3234; x_wconf 85' lang='lat' dir='ltr'><strong>generalibus</strong></span> <span class='ocrx_word' id='word_1_229' title='bbox 1506 3165 1656 3222; x_wconf 88' lang='lat' dir='ltr'><strong>emanatIs</strong></span> <span class='ocrx_word' id='word_1_230' title='bbox 1677 3165 1717 3221; x_wconf 82' lang='lat'><strong>27</strong></span> <span class='ocrx_word' id='word_1_231' title='bbox 1748 3151 1751 3158; x_wconf 59' lang='grc'><em>’</em></span> 
     </span>
     <span class='ocr_line' id='line_1_28' title="bbox 434 3251 1714 3334; baseline 0.005 -22"><span class='ocrx_word' id='word_1_232' title='bbox 434 3256 511 3330; x_wconf 91' lang='lat' dir='ltr'><strong>sept.</strong></span> <span class='ocrx_word' id='word_1_233' title='bbox 537 3251 614 3311; x_wconf 80' lang='grc'><strong>1659</strong></span> <span class='ocrx_word' id='word_1_234' title='bbox 635 3251 725 3314; x_wconf 90' lang='grc'><strong>6120</strong></span> <span class='ocrx_word' id='word_1_235' title='bbox 746 3253 799 3314; x_wconf 89' lang='lat' dir='ltr'><strong>iul.</strong></span> <span class='ocrx_word' id='word_1_236' title='bbox 826 3251 903 3313; x_wconf 90' lang='grc'><strong>1660</strong></span> <span class='ocrx_word' id='word_1_237' title='bbox 923 3253 1119 3330; x_wconf 85' lang='lat' dir='ltr'><strong>confirmatis,</strong></span> <span class='ocrx_word' id='word_1_238' title='bbox 1145 3259 1176 3316; x_wconf 89' lang='lat' dir='ltr'><strong>ot</strong></span> <span class='ocrx_word' id='word_1_239' title='bbox 1189 3257 1364 3334; x_wconf 87' lang='lat' dir='ltr'><strong>approbatis</strong></span> <span class='ocrx_word' id='word_1_240' title='bbox 1378 3259 1416 3316; x_wconf 90' lang='lat' dir='ltr'><strong>ab</strong></span> <span class='ocrx_word' id='word_1_241' title='bbox 1429 3260 1627 3319; x_wconf 77' lang='lat' dir='ltr'><strong>Ansxnnnno</strong></span> <span class='ocrx_word' id='word_1_242' title='bbox 1643 3259 1714 3320; x_wconf 86' lang='lat' dir='ltr'>VII.</span> 
     </span>
    </p>

    <p class='ocr_par' dir='ltr' id='par_1_10' title="bbox 433 3350 1716 3628">
     <span class='ocr_line' id='line_1_29' title="bbox 514 3350 1713 3430; baseline 0.006 -22"><span class='ocrx_word' id='word_1_243' title='bbox 514 3350 564 3411; x_wconf 89' lang='grc'><strong>45.</strong></span> <span class='ocrx_word' id='word_1_244' title='bbox 588 3351 691 3417; x_wconf 83' lang='lat' dir='ltr'><strong>Quoad</strong></span> <span class='ocrx_word' id='word_1_245' title='bbox 711 3353 955 3430; x_wconf 85' lang='lat' dir='ltr'><strong>prohibitionem,</strong></span> <span class='ocrx_word' id='word_1_246' title='bbox 980 3371 1018 3412; x_wconf 93' lang='lat' dir='ltr'><strong>ne</strong></span> <span class='ocrx_word' id='word_1_247' title='bbox 1038 3354 1070 3413; x_wconf 93' lang='lat' dir='ltr'><strong>in</strong></span> <span class='ocrx_word' id='word_1_248' title='bbox 1091 3371 1195 3414; x_wconf 89' lang='lat' dir='ltr'><strong>eorum</strong></span> <span class='ocrx_word' id='word_1_249' title='bbox 1216 3354 1349 3414; x_wconf 89' lang='lat' dir='ltr'><strong>ecelesiis</strong></span> <span class='ocrx_word' id='word_1_250' title='bbox 1369 3357 1519 3415; x_wconf 89' lang='lat' dir='ltr'><strong>canantur</strong></span> <span class='ocrx_word' id='word_1_251' title='bbox 1533 3355 1713 3430; x_wconf 87' lang='lat' dir='ltr'><strong>cantilenae,</strong></span> 
     </span>
     <span class='ocr_line' id='line_1_30' title="bbox 434 3449 1716 3531; baseline 0.002 -22"><span class='ocrx_word' id='word_1_252' title='bbox 434 3453 465 3509; x_wconf 90' lang='lat' dir='ltr'><strong>et</strong></span> <span class='ocrx_word' id='word_1_253' title='bbox 485 3449 589 3510; x_wconf 91' lang='lat' dir='ltr'><strong>laudes</strong></span> <span class='ocrx_word' id='word_1_254' title='bbox 611 3449 753 3510; x_wconf 91' lang='lat' dir='ltr'><strong>idiomate</strong></span> <span class='ocrx_word' id='word_1_255' title='bbox 774 3451 886 3526; x_wconf 85' lang='lat' dir='ltr'><strong>italico,</strong></span> <span class='ocrx_word' id='word_1_256' title='bbox 911 3471 948 3511; x_wconf 88' lang='lat' dir='ltr'><strong>ex</strong></span> <span class='ocrx_word' id='word_1_257' title='bbox 968 3453 1096 3512; x_wconf 80' lang='lat' dir='ltr'><strong>Decreta</strong></span> <span class='ocrx_word' id='word_1_258' title='bbox 1123 3453 1256 3512; x_wconf 90' lang='lat' dir='ltr'><strong>eiusdem</strong></span> <span class='ocrx_word' id='word_1_259' title='bbox 1285 3452 1434 3531; x_wconf 81' lang='lat' dir='ltr'><strong>Congreg.</strong></span> <span class='ocrx_word' id='word_1_260' title='bbox 1463 3455 1497 3512; x_wconf 82' lang='lat' dir='ltr'><strong>in</strong></span> <span class='ocrx_word' id='word_1_261' title='bbox 1519 3453 1716 3515; x_wconf 76' lang='grc' dir='ltr'><strong>Ν66611667</strong></span> 
     </span>
     <span class='ocr_line' id='line_1_31' title="bbox 433 3547 1609 3628; baseline 0.005 -20"><span class='ocrx_word' id='word_1_262' title='bbox 433 3550 557 3626; x_wconf 86' lang='lat' dir='ltr'><strong>augusti</strong></span> <span class='ocrx_word' id='word_1_263' title='bbox 580 3547 657 3608; x_wconf 89' lang='grc'><strong>1628</strong></span> <span class='ocrx_word' id='word_1_264' title='bbox 677 3549 711 3608; x_wconf 85' lang='lat' dir='ltr'><strong>in</strong></span> <span class='ocrx_word' id='word_1_265' title='bbox 733 3550 883 3626; x_wconf 81' lang='lat' dir='ltr'><strong>Hisputea</strong></span> <span class='ocrx_word' id='word_1_266' title='bbox 905 3549 924 3608; x_wconf 90' lang='lat'><strong>3</strong></span> <span class='ocrx_word' id='word_1_267' title='bbox 946 3551 1126 3628; x_wconf 89' lang='lat' dir='ltr'><strong>septembris</strong></span> <span class='ocrx_word' id='word_1_268' title='bbox 1149 3549 1335 3612; x_wconf 88' lang='grc'><strong>16956124</strong></span> <span class='ocrx_word' id='word_1_269' title='bbox 1356 3553 1495 3614; x_wconf 83' lang='lat' dir='ltr'><strong>novemb.</strong></span> <span class='ocrx_word' id='word_1_270' title='bbox 1520 3551 1609 3614; x_wconf 92' lang='grc'><strong>1696.</strong></span> 
     </span>
    </p>

    <p class='ocr_par' dir='ltr' id='par_1_11' title="bbox 433 3646 1719 3904">
     <span class='ocr_line' id='line_1_32' title="bbox 493 3646 1719 3728; baseline 0.003 -22"><span class='ocrx_word' id='word_1_271' title='bbox 493 3646 543 3708; x_wconf 89' lang='grc'><strong>46.</strong></span> <span class='ocrx_word' id='word_1_272' title='bbox 567 3647 670 3713; x_wconf 91' lang='lat' dir='ltr'><strong>Quoad</strong></span> <span class='ocrx_word' id='word_1_273' title='bbox 691 3649 860 3726; x_wconf 84' lang='lat' dir='ltr'><strong>spectantia</strong></span> <span class='ocrx_word' id='word_1_274' title='bbox 881 3649 919 3707; x_wconf 92' lang='lat' dir='ltr'><strong>ad</strong></span> <span class='ocrx_word' id='word_1_275' title='bbox 941 3649 1169 3711; x_wconf 85' lang='lat' dir='ltr'><strong>venerationem</strong></span> <span class='ocrx_word' id='word_1_276' title='bbox 1183 3669 1296 3726; x_wconf 91' lang='lat' dir='ltr'><strong>eorum,</strong></span> <span class='ocrx_word' id='word_1_277' title='bbox 1315 3652 1366 3728; x_wconf 92' lang='lat' dir='ltr'><strong>qui</strong></span> <span class='ocrx_word' id='word_1_278' title='bbox 1380 3669 1448 3711; x_wconf 90' lang='lat' dir='ltr'><strong>cum</strong></span> <span class='ocrx_word' id='word_1_279' title='bbox 1462 3651 1634 3710; x_wconf 87' lang='lat' dir='ltr'><strong>sonctItatis</strong></span> <span class='ocrx_word' id='word_1_280' title='bbox 1649 3652 1719 3727; x_wconf 91' lang='lat' dir='ltr'><strong>opi-</strong></span> 
     </span>
     <span class='ocr_line' id='line_1_33' title="bbox 433 3746 1716 3826; baseline 0.004 -23"><span class='ocrx_word' id='word_1_281' title='bbox 433 3747 531 3820; x_wconf 90' lang='lat' dir='ltr'><strong>nione,</strong></span> <span class='ocrx_word' id='word_1_282' title='bbox 556 3747 606 3805; x_wconf 87' lang='lat' dir='ltr'><strong>vel</strong></span> <span class='ocrx_word' id='word_1_283' title='bbox 627 3747 708 3806; x_wconf 86' lang='lat' dir='ltr'><strong>fama</strong></span> <span class='ocrx_word' id='word_1_284' title='bbox 728 3746 871 3823; x_wconf 77' lang='lat' dir='ltr'><strong>martyrii</strong></span> <span class='ocrx_word' id='word_1_285' title='bbox 893 3763 929 3804; x_wconf 86' lang='lat' dir='ltr'><strong>ex</strong></span> <span class='ocrx_word' id='word_1_286' title='bbox 944 3749 1000 3807; x_wconf 88' lang='lat' dir='ltr'><strong>hac</strong></span> <span class='ocrx_word' id='word_1_287' title='bbox 1020 3749 1086 3808; x_wconf 79' lang='lat' dir='ltr'><strong>viba</strong></span> <span class='ocrx_word' id='word_1_288' title='bbox 1106 3751 1288 3826; x_wconf 85' lang='lat' dir='ltr'><strong>migrarunt,</strong></span> <span class='ocrx_word' id='word_1_289' title='bbox 1313 3767 1350 3808; x_wconf 88' lang='lat' dir='ltr'><strong>ex</strong></span> <span class='ocrx_word' id='word_1_290' title='bbox 1370 3752 1466 3808; x_wconf 91' lang='lat' dir='ltr'><strong>const.</strong></span> <span class='ocrx_word' id='word_1_291' title='bbox 1483 3749 1608 3808; x_wconf 79' lang='lat' dir='ltr'><strong>Unnnru</strong></span> <span class='ocrx_word' id='word_1_292' title='bbox 1630 3747 1716 3809; x_wconf 89' lang='lat' dir='ltr'>VIII.</span> 
     </span>
     <span class='ocr_line' id='line_1_34' title="bbox 438 3843 1031 3904; baseline 0.007 -4"><span class='ocrx_word' id='word_1_293' title='bbox 438 3843 582 3901; x_wconf 78' lang='lat' dir='ltr'><strong>Caelestis</strong></span> <span class='ocrx_word' id='word_1_294' title='bbox 602 3845 802 3903; x_wconf 79' lang='lat' dir='ltr'><strong>Hlarusalem</strong></span> <span class='ocrx_word' id='word_1_295' title='bbox 822 3843 842 3900; x_wconf 88' lang='lat'>5</span> <span class='ocrx_word' id='word_1_296' title='bbox 864 3843 917 3903; x_wconf 90' lang='lat' dir='ltr'><strong>iul.</strong></span> <span class='ocrx_word' id='word_1_297' title='bbox 943 3843 1031 3904; x_wconf 82' lang='lat'>1633.</span> 
     </span>
    </p>

    <p class='ocr_par' dir='ltr' id='par_1_12' title="bbox 431 3937 1718 4390">
     <span class='ocr_line' id='line_1_35' title="bbox 514 3937 1718 4018; baseline 0.007 -23"><span class='ocrx_word' id='word_1_298' title='bbox 514 3939 563 3998; x_wconf 88' lang='grc'><strong>47.</strong></span> <span class='ocrx_word' id='word_1_299' title='bbox 587 3937 690 4003; x_wconf 88' lang='lat' dir='ltr'><strong>Quoad</strong></span> <span class='ocrx_word' id='word_1_300' title='bbox 710 3941 897 4016; x_wconf 90' lang='lat' dir='ltr'><strong>punitionem</strong></span> <span class='ocrx_word' id='word_1_301' title='bbox 912 3941 1121 4014; x_wconf 86' lang='lat' dir='ltr'><strong>asserentium,</strong></span> <span class='ocrx_word' id='word_1_302' title='bbox 1140 3943 1265 4000; x_wconf 85' lang='lat' dir='ltr'><strong>Beatam</strong></span> <span class='ocrx_word' id='word_1_303' title='bbox 1278 3941 1437 4016; x_wconf 86' lang='lat' dir='ltr'><strong>Virginem</strong></span> <span class='ocrx_word' id='word_1_304' title='bbox 1458 3943 1631 4018; x_wconf 86' lang='lat' dir='ltr'><strong>conceptam</strong></span> <span class='ocrx_word' id='word_1_305' title='bbox 1651 3961 1718 4003; x_wconf 89' lang='lat' dir='ltr'><strong>esso</strong></span> 
     </span>
     <span class='ocr_line' id='line_1_36' title="bbox 431 4035 1718 4114; baseline 0.002 -17"><span class='ocrx_word' id='word_1_306' title='bbox 431 4053 499 4097; x_wconf 90' lang='lat' dir='ltr'><strong>oum</strong></span> <span class='ocrx_word' id='word_1_307' title='bbox 520 4039 640 4114; x_wconf 88' lang='lat' dir='ltr'><strong>peccato</strong></span> <span class='ocrx_word' id='word_1_308' title='bbox 660 4037 812 4114; x_wconf 83' lang='lat' dir='ltr'><strong>ortginali,</strong></span> <span class='ocrx_word' id='word_1_309' title='bbox 837 4055 873 4096; x_wconf 85' lang='lat' dir='ltr'><strong>ex</strong></span> <span class='ocrx_word' id='word_1_310' title='bbox 894 4041 989 4097; x_wconf 90' lang='lat' dir='ltr'><strong>const.</strong></span> <span class='ocrx_word' id='word_1_311' title='bbox 1013 4039 1113 4098; x_wconf 76' lang='lat' dir='ltr'><strong>Gneo.</strong></span> <span class='ocrx_word' id='word_1_312' title='bbox 1139 4039 1208 4098; x_wconf 88' lang='lat' dir='ltr'><strong>XV.</strong></span> <span class='ocrx_word' id='word_1_313' title='bbox 1237 4035 1457 4096; x_wconf 69' lang='grc'><strong>8666166666</strong></span> <span class='ocrx_word' id='word_1_314' title='bbox 1481 4039 1521 4097; x_wconf 88' lang='grc'><strong>24</strong></span> <span class='ocrx_word' id='word_1_315' title='bbox 1542 4041 1615 4099; x_wconf 91' lang='lat' dir='ltr'><strong>maii</strong></span> <span class='ocrx_word' id='word_1_316' title='bbox 1638 4039 1718 4099; x_wconf 90' lang='grc'><strong>1622</strong></span> 
     </span>
     <span class='ocr_line' id='line_1_37' title="bbox 432 4132 1718 4216; baseline 0.002 -22"><span class='ocrx_word' id='word_1_317' title='bbox 432 4139 463 4194; x_wconf 89' lang='grc'><strong>61</strong></span> <span class='ocrx_word' id='word_1_318' title='bbox 484 4136 583 4196; x_wconf 78' lang='lat' dir='ltr'><strong>Anax.</strong></span> <span class='ocrx_word' id='word_1_319' title='bbox 607 4135 676 4195; x_wconf 93' lang='lat' dir='ltr'>VII.</span> <span class='ocrx_word' id='word_1_320' title='bbox 701 4135 884 4194; x_wconf 85' lang='lat' dir='ltr'><strong>Sollicitudo</strong></span> <span class='ocrx_word' id='word_1_321' title='bbox 904 4135 923 4192; x_wconf 93' lang='lat'><em>8</em></span> <span class='ocrx_word' id='word_1_322' title='bbox 944 4135 1004 4194; x_wconf 91' lang='lat' dir='ltr'><strong>dec.</strong></span> <span class='ocrx_word' id='word_1_323' title='bbox 1024 4132 1112 4194; x_wconf 89' lang='grc'><strong>1661.</strong></span> <span class='ocrx_word' id='word_1_324' title='bbox 1125 4135 1185 4194; x_wconf 91' lang='lat' dir='ltr'><strong>Ubi</strong></span> <span class='ocrx_word' id='word_1_325' title='bbox 1206 4137 1307 4194; x_wconf 89' lang='lat' dir='ltr'><strong>tamen</strong></span> <span class='ocrx_word' id='word_1_326' title='bbox 1328 4135 1545 4196; x_wconf 86' lang='lat' dir='ltr'><strong>advertendum</strong></span> <span class='ocrx_word' id='word_1_327' title='bbox 1566 4140 1622 4212; x_wconf 92' lang='lat' dir='ltr'><strong>est,</strong></span> <span class='ocrx_word' id='word_1_328' title='bbox 1646 4141 1718 4216; x_wconf 90' lang='lat' dir='ltr'><strong>post</strong></span> 
     </span>
     <span class='ocr_line' id='line_1_38' title="bbox 432 4231 1716 4322; baseline 0.004 -32"><span class='ocrx_word' id='word_1_329' title='bbox 432 4233 632 4322; x_wconf 82' lang='lat' dir='ltr'><strong>dogmaticam</strong></span> <span class='ocrx_word' id='word_1_330' title='bbox 647 4231 850 4291; x_wconf 86' lang='lat' dir='ltr'><strong>definitionem</strong></span> <span class='ocrx_word' id='word_1_331' title='bbox 863 4232 1076 4290; x_wconf 81' lang='lat' dir='ltr'><strong>Immaculatae</strong></span> <span class='ocrx_word' id='word_1_332' title='bbox 1088 4232 1296 4308; x_wconf 87' lang='lat' dir='ltr'><strong>Conceptionis</strong></span> <span class='ocrx_word' id='word_1_333' title='bbox 1307 4233 1421 4292; x_wconf 81' lang='lat' dir='ltr'><strong>Beatae</strong></span> <span class='ocrx_word' id='word_1_334' title='bbox 1431 4233 1578 4310; x_wconf 84' lang='lat' dir='ltr'><strong>VIrginis,</strong></span> <span class='ocrx_word' id='word_1_335' title='bbox 1593 4252 1716 4295; x_wconf 87' lang='lat' dir='ltr'><strong>causam</strong></span> 
     </span>
     <span class='ocr_line' id='line_1_39' title="bbox 432 4313 1109 4390; baseline -0.001 0"><span class='ocrx_word' id='word_1_336' title='bbox 432 4313 510 4390; x_wconf 59' lang='lat' dir='ltr'><strong>hd&#39;nc</strong></span> <span class='ocrx_word' id='word_1_337' title='bbox 532 4331 570 4390; x_wconf 90' lang='lat' dir='ltr'><strong>ad</strong></span> <span class='ocrx_word' id='word_1_338' title='bbox 592 4330 661 4390; x_wconf 85' lang='lat' dir='ltr'><strong>fidei</strong></span> <span class='ocrx_word' id='word_1_339' title='bbox 683 4347 789 4388; x_wconf 87' lang='lat' dir='ltr'><strong>causas</strong></span> <span class='ocrx_word' id='word_1_340' title='bbox 810 4347 876 4389; x_wconf 89' lang='lat' dir='ltr'><strong>esse</strong></span> <span class='ocrx_word' id='word_1_341' title='bbox 897 4329 1109 4390; x_wconf 88' lang='lat' dir='ltr'><strong>revocandam.</strong></span> 
     </span>
    </p>

    <p class='ocr_par' dir='ltr' id='par_1_13' title="bbox 430 4427 1715 4606">
     <span class='ocr_line' id='line_1_40' title="bbox 512 4427 1713 4508; baseline 0.003 -20"><span class='ocrx_word' id='word_1_342' title='bbox 512 4429 561 4490; x_wconf 89' lang='grc'><strong>48.</strong></span> <span class='ocrx_word' id='word_1_343' title='bbox 585 4427 687 4494; x_wconf 87' lang='lat' dir='ltr'><strong>Quoad</strong></span> <span class='ocrx_word' id='word_1_344' title='bbox 708 4429 896 4505; x_wconf 89' lang='lat' dir='ltr'><strong>punitionem</strong></span> <span class='ocrx_word' id='word_1_345' title='bbox 917 4431 1041 4506; x_wconf 87' lang='lat' dir='ltr'><strong>propter</strong></span> <span class='ocrx_word' id='word_1_346' title='bbox 1062 4429 1172 4488; x_wconf 84' lang='lat' dir='ltr'><strong>missae</strong></span> <span class='ocrx_word' id='word_1_347' title='bbox 1192 4428 1433 4505; x_wconf 89' lang='lat' dir='ltr'><strong>celebrationem,</strong></span> <span class='ocrx_word' id='word_1_348' title='bbox 1458 4432 1490 4490; x_wconf 95' lang='lat' dir='ltr'><strong>et</strong></span> <span class='ocrx_word' id='word_1_349' title='bbox 1507 4433 1713 4508; x_wconf 86' lang='lat' dir='ltr'><strong>exceptionem</strong></span> 
     </span>
     <span class='ocr_line' id='line_1_41' title="bbox 430 4527 1715 4606; baseline 0.002 -20"><span class='ocrx_word' id='word_1_350' title='bbox 430 4529 627 4589; x_wconf 81' lang='lat' dir='ltr'><strong>confessionis</strong></span> <span class='ocrx_word' id='word_1_351' title='bbox 648 4527 886 4601; x_wconf 88' lang='lat' dir='ltr'><strong>sacramentalis,</strong></span> <span class='ocrx_word' id='word_1_352' title='bbox 911 4530 1074 4603; x_wconf 89' lang='lat' dir='ltr'><strong>antequam</strong></span> <span class='ocrx_word' id='word_1_353' title='bbox 1094 4529 1225 4604; x_wconf 91' lang='lat' dir='ltr'><strong>promoti</strong></span> <span class='ocrx_word' id='word_1_354' title='bbox 1245 4527 1359 4587; x_wconf 88' lang='lat' dir='ltr'><strong>fuerint</strong></span> <span class='ocrx_word' id='word_1_355' title='bbox 1378 4529 1417 4587; x_wconf 90' lang='lat' dir='ltr'><strong>ad</strong></span> <span class='ocrx_word' id='word_1_356' title='bbox 1438 4547 1557 4588; x_wconf 88' lang='lat' dir='ltr'><strong>sacrum</strong></span> <span class='ocrx_word' id='word_1_357' title='bbox 1582 4530 1715 4606; x_wconf 84' lang='lat' dir='ltr'><strong>presby-</strong></span> 
     </span>
    </p>
   </div>
   <div class='ocr_carea' id='block_1_4' title="bbox 431 4625 1717 4802">
    <p class='ocr_par' dir='ltr' id='par_1_14' title="bbox 431 4625 1717 4802">
     <span class='ocr_line' id='line_1_42' title="bbox 432 4625 1713 4703; baseline 0.003 -19"><span class='ocrx_word' id='word_1_358' title='bbox 432 4629 550 4686; x_wconf 87' lang='lat' dir='ltr'><strong>teratus</strong></span> <span class='ocrx_word' id='word_1_359' title='bbox 571 4625 716 4701; x_wconf 85' lang='lat' dir='ltr'><strong>ordinem,</strong></span> <span class='ocrx_word' id='word_1_360' title='bbox 742 4643 778 4686; x_wconf 86' lang='lat' dir='ltr'><strong>ex</strong></span> <span class='ocrx_word' id='word_1_361' title='bbox 799 4628 894 4685; x_wconf 88' lang='lat' dir='ltr'><strong>const.</strong></span> <span class='ocrx_word' id='word_1_362' title='bbox 918 4625 1018 4686; x_wconf 76' lang='lat' dir='ltr'><strong>Gneo.</strong></span> <span class='ocrx_word' id='word_1_363' title='bbox 1042 4625 1128 4686; x_wconf 91' lang='lat' dir='ltr'>XIII.</span> <span class='ocrx_word' id='word_1_364' title='bbox 1157 4625 1257 4702; x_wconf 75' lang='lat' dir='ltr'><strong>Officii</strong></span> <span class='ocrx_word' id='word_1_365' title='bbox 1276 4625 1297 4682; x_wconf 91' lang='grc'><strong>6</strong></span> <span class='ocrx_word' id='word_1_366' title='bbox 1316 4628 1438 4703; x_wconf 89' lang='lat' dir='ltr'><strong>augusti</strong></span> <span class='ocrx_word' id='word_1_367' title='bbox 1461 4627 1538 4686; x_wconf 82' lang='grc'><strong>1574</strong></span> <span class='ocrx_word' id='word_1_368' title='bbox 1560 4627 1713 4688; x_wconf 74' lang='grc'><strong>0661166-</strong></span> 
     </span>
     <span class='ocr_line' id='line_1_43' title="bbox 431 4717 1717 4802; baseline -0.002 -18"><span class='ocrx_word' id='word_1_369' title='bbox 431 4741 482 4784; x_wconf 81' lang='grc'><strong>116</strong></span> <span class='ocrx_word' id='word_1_370' title='bbox 502 4723 576 4782; x_wconf 95' lang='lat' dir='ltr'>VIII</span> <span class='ocrx_word' id='word_1_371' title='bbox 598 4717 773 4784; x_wconf 75' lang='grc'><strong>1116167166</strong></span> <span class='ocrx_word' id='word_1_372' title='bbox 801 4721 815 4781; x_wconf 94' lang='lat'>1</span> <span class='ocrx_word' id='word_1_373' title='bbox 845 4724 907 4784; x_wconf 90' lang='lat' dir='ltr'><strong>dec.</strong></span> <span class='ocrx_word' id='word_1_374' title='bbox 937 4721 1024 4784; x_wconf 93' lang='grc'><strong>1601.</strong></span> <span class='ocrx_word' id='word_1_375' title='bbox 1053 4723 1179 4785; x_wconf 79' lang='lat' dir='ltr'><strong>Unanru</strong></span> <span class='ocrx_word' id='word_1_376' title='bbox 1205 4725 1280 4785; x_wconf 92' lang='lat' dir='ltr'>VIII</span> <span class='ocrx_word' id='word_1_377' title='bbox 1300 4725 1501 4802; x_wconf 85' lang='lat' dir='ltr'><strong>Apostotatus</strong></span> <span class='ocrx_word' id='word_1_378' title='bbox 1522 4725 1661 4801; x_wconf 77' lang='lat' dir='ltr'><strong>officium</strong></span> <span class='ocrx_word' id='word_1_379' title='bbox 1674 4723 1717 4783; x_wconf 85' lang='grc'><strong>23</strong></span> 
     </span>
    </p>
   </div>
   <div class='ocr_carea' id='block_1_5' title="bbox 433 4819 1550 4901">
    <p class='ocr_par' dir='ltr' id='par_1_15' title="bbox 433 4819 1550 4901">
     <span class='ocr_line' id='line_1_44' title="bbox 433 4819 1550 4901; baseline 0.004 -21"><span class='ocrx_word' id='word_1_380' title='bbox 433 4821 506 4880; x_wconf 86' lang='lat' dir='ltr'><strong>maii</strong></span> <span class='ocrx_word' id='word_1_381' title='bbox 530 4819 662 4880; x_wconf 87' lang='grc'><strong>162866</strong></span> <span class='ocrx_word' id='word_1_382' title='bbox 684 4823 763 4882; x_wconf 72' lang='lat' dir='ltr'><strong>Bais.</strong></span> <span class='ocrx_word' id='word_1_383' title='bbox 787 4822 871 4882; x_wconf 90' lang='lat' dir='ltr'>XIV.</span> <span class='ocrx_word' id='word_1_384' title='bbox 897 4823 1049 4883; x_wconf 83' lang='lat' dir='ltr'><strong>Sacerdos</strong></span> <span class='ocrx_word' id='word_1_385' title='bbox 1074 4823 1107 4882; x_wconf 80' lang='grc'><strong>16</strong></span> <span class='ocrx_word' id='word_1_386' title='bbox 1127 4832 1292 4883; x_wconf 78' lang='lat' dir='ltr'><strong>aeternum</strong></span> <span class='ocrx_word' id='word_1_387' title='bbox 1312 4821 1352 4882; x_wconf 94' lang='grc'><strong>20</strong></span> <span class='ocrx_word' id='word_1_388' title='bbox 1371 4841 1438 4901; x_wconf 89' lang='grc'><strong>661.</strong></span> <span class='ocrx_word' id='word_1_389' title='bbox 1463 4823 1550 4884; x_wconf 93' lang='grc'><strong>1744.</strong></span> 
     </span>
    </p>
   </div>
   <div class='ocr_carea' id='block_1_6' title="bbox 0 0 1958 5690">
    <p class='ocr_par' dir='ltr' id='par_1_16' title="bbox 0 0 1958 5690">
     <span class='ocr_line' id='line_1_45' title="bbox 0 0 1958 5690; baseline 0 2"><span class='ocrx_word' id='word_1_390' title='bbox 0 0 1958 5690; x_wconf 95' lang='lat' dir='ltr'><strong> </strong></span> 
     </span>
    </p>
   </div>
  </div>
 </body>
</html>
