3872 5694
1026 489 1168 544 -g4-

454 671 539 737 hanc
554 668 788 756 obligationem
804 665 953 734 Summus
969 667 1121 734 Pontifex
1136 667 1200 734 Leo
1216 665 1306 734 XIII.
1323 667 1460 736 Constit.
1482 667 1550 734 lata
1565 669 1643 736 idib.
1660 670 1743 736 iunii

456 799 553 878 1883,
587 795 727 862 decrevit
761 816 871 860 omnes
897 797 931 860 et
957 793 1103 881 singulos
1138 793 1316 880 Episcopos
1349 815 1547 880 quacumque
1580 795 1743 883 dignitate

454 924 553 989 etiam
575 920 778 988 cardinalitia
801 923 923 1000 auctos,
946 919 1026 985 item
1048 918 1193 985 Abbntes
1223 919 1475 986 iurisdictionem
1498 921 1588 1005 quasi
1613 921 1741 1006 episco-

454 1047 560 1133 palem
582 1047 617 1112 in
640 1045 767 1114 (ilerum
791 1049 824 1111 et
846 1043 1001 1130 populum
1036 1067 1109 1110 cum
1140 1044 1303 1110 territorio
1336 1048 1485 1130 separato
1515 1043 1682 1126 habentes,
1705 1046 1741 1112 in

452 1173 631 1239 Dominicis
654 1171 789 1256 aliisque
811 1171 902 1236 festis
926 1171 1036 1235 diebus
1060 1169 1116 1254 qui
1139 1191 1179 1234 ex
1198 1173 1370 1255 praecepto
1394 1169 1499 1236 adhuc
1522 1173 1691 1236 servantur
1706 1175 1741 1238 et

453 1298 508 1384 qui
532 1319 572 1363 ex
593 1318 725 1363 numero
749 1295 871 1361 dierum
893 1295 1050 1361 festorum
1066 1295 1104 1359 de
1120 1299 1291 1380 praecepto
1307 1295 1427 1360 sublati
1450 1300 1535 1376 sunt,
1559 1295 1648 1362 omni
1671 1296 1742 1362 exi·

453 1423 589 1510 guitatis
612 1421 773 1488 redituum
807 1421 1011 1486 excusatione
1044 1425 1180 1500 remota,
1205 1419 1245 1485 ad
1275 1413 1409 1486 Missdm
1441 1443 1500 1506 pro
1523 1421 1642 1507 populo
1677 1422 1742 1488 sibi

453 1548 623 1614 commisso
646 1547 869 1612 celebrandam
892 1549 925 1612 et
948 1545 1173 1630 applicandam
1196 1546 1307 1611 teneri.
1331 1545 1377 1612 Et
1400 1547 1441 1611 ad
1463 1569 1591 1612 ornnem
1612 1547 1741 1612 dubita-

453 1675 575 1739 tionem
598 1672 822 1738 removendam
845 1669 1020 1736 declaravit
1036 1671 1164 1736 eosdem
1179 1670 1358 1756 Episcopos
1375 1675 1408 1736 et
1424 1671 1567 1738 Abbates
1589 1671 1665 1737 huic
1687 1671 1741 1738 of·

453 1799 527 1865 ficio
550 1797 629 1864 satis
652 1819 720 1864 esse
743 1797 885 1862 facturos
907 1818 965 1882 per
987 1794 1236 1862 celebrationem
1258 1797 1352 1862 unius
1375 1797 1490 1862 missae
1509 1819 1568 1881 pro
1592 1797 1741 1864 universo

452 1923 572 2010 populo
588 1922 650 1988 sibi
674 1921 854 2001 commisso,
878 1919 1004 1986 etiamsi
1028 1920 1106 1986 duas
1132 1919 1185 1986 vel
1216 1919 1323 2006 plures
1353 1921 1512 1988 dioeceses
1536 1926 1569 1987 et
1592 1922 1740 1990 abbatias

453 2071 553 2134 aeque
582 2046 803 2133 principaliter
834 2046 941 2112 unitas
968 2050 1096 2132 regant.
1120 2045 1273 2122 Quamvis
1296 2047 1381 2112 enim
1405 2047 1570 2112 Romanae
1594 2047 1740 2134 Congre-

453 2174 601 2260 gationes
624 2171 712 2237 aliud
743 2171 939 2236 decreverint
967 2171 1006 2236 de
1036 2169 1190 2236 Parochis
1212 2171 1298 2236 ‘duas
1321 2169 1373 2236 vel
1402 2171 1509 2255 plures
1538 2171 1742 2256 parochiales

452 2297 602 2365 ecclesias
625 2318 725 2381 aeque
748 2295 969 2381 principaliter
992 2295 1099 2361 unitas
1127 2296 1323 2384 regentibus,
1347 2296 1411 2360 alia
1434 2301 1543 2362 tamen
1566 2301 1616 2363 est
1637 2297 1740 2364 Paro·

452 2423 596 2501 chorum,
620 2421 684 2486 alia
706 2421 940 2506 Episcopomm
962 2421 1057 2486 ratio.
1081 2420 1306 2506 Opportunum
1329 2421 1428 2486 etiam
1457 2422 1549 2487 duxit
1577 2421 1741 2488 declarare

388 2595 391 2602 -
452 2555 517 2612 no'n
532 2546 672 2633 obligari
696 2545 736 2611 ad
759 2547 889 2611 missam
905 2567 964 2631 pro
980 2545 1117 2631 propalo
1134 2545 1357 2612 celebrandam
1372 2545 1550 2631 Episcopus
1566 2545 1739 2628 Titulares,

452 2673 491 2737 de
515 2672 630 2758 quibus
653 2671 785 2737 inferius
809 2671 979 2757 agendum.

541 2797 641 2862 Porro
664 2796 843 2882 Episcopus
859 2796 913 2881 qui
931 2796 1072 2862 officium
1087 2795 1225 2862 Parochi
1245 2799 1381 2876 exercet,
1397 2817 1462 2862 non
1477 2795 1636 2863 satisfacit
1653 2795 1738 2863 obli-

452 2921 587 3009 gationi,
612 2943 675 3006 qua
698 2925 825 2986 tenetur
848 2921 889 2986 ob
912 2921 1018 3004 ipsum
1041 2919 1224 3004 parochiale
1248 2920 1398 3000 officium,
1422 2922 1638 3005 applicatione
1660 2924 1738 2988 mis·

452 3047 587 3131 saepto
610 3046 676 3112 suis
699 3043 903 3112 dioecesanis.
926 3042 1012 3108 Hinc
1034 3064 1093 3127 pro
1115 3043 1265 3125 paroecia
1287 3043 1539 3108 administranda
1573 3043 1738 3112 Vicarium

452 3172 548 3237 debet
570 3171 763 3237 constituere
779 3173 812 3235 et
828 3167 993 3254 perillum
1017 3165 1112 3232 debet
1127 3165 1312 3230 satisfacere
1336 3165 1528 3250 obligationi
1544 3167 1660 3232 missae
1677 3191 1738 3252 pro

451 3296 582 3382 populo.
618 3293 948 3362 Animadvertendum
982 3295 1091 3356 tamen
1121 3289 1212 3353 iuxta
1248 3288 1357 3354 Const.
1389 3287 1505 3352 Bsunu.
1541 3287 1619 3355 XIV
1655 3288 1737 3358 Oum

453 3443 576 3506 ecroper
598 3422 720 3488 oblatus
741 3417 924 3485 huiusmodi
940 3415 1044 3481 oneris
1067 3414 1226 3479 rationem
1248 3413 1429 3478 habendam
1453 3433 1520 3478 esse
1540 3415 1616 3478 dum
1632 3415 1737 3480 eidem

452 3569 595 3637 congrua
617 3545 781 3613 statuitur.
804 3541 874 3610 Sic.
892 3539 1342 3607 Genea.F1n.Pnoe.decreto
1367 3539 1430 3605 diei
1446 3541 1488 3605 23
1509 3539 1619 3605 martii
1638 3541 1737 3606 1863.

542 3673 623 3740 Cum
645 3691 720 3737 vero
743 3667 921 3752 Episcopus
945 3665 978 3729 in
1002 3665 1110 3750 aliqua
1133 3669 1267 3753 vacante
1284 3665 1459 3730 curavisse
1486 3665 1621 3730 Parochi
1637 3666 1735 3751 gerit,

453 3819 548 3864 onere
571 3817 635 3860 non
658 3791 813 3879 premitur
836 3791 966 3856 missam
999 3789 1182 3876 applicandi
1204 3812 1262 3875 pro
1294 3789 1359 3854 illis
1382 3789 1590 3873 paroecianis,
1615 3790 1735 3855 etenim

451 3923 514 3986 hoe
536 3919 570 3984 in
593 3940 668 3983 casu
690 3917 769 3982 satis
793 3915 854 3981 erit
883 3917 988 4001 ipsum
1020 3915 1130 3981 diebus
1164 3915 1295 3980 statutis
1325 3914 1456 3979 misaam
1479 3913 1641 3998 applicare
1676 3937 1736 3999 pro

452 4045 516 4110 suis
540 4043 744 4122 dioecesanis,
768 4041 852 4106 inter
875 4062 954 4126 quos
978 4040 1127 4126 paroecia
1150 4038 1439 4124 comprehenditur,
1456 4061 1553 4122 quam
1568 4061 1626 4123 per
1649 4039 1736 4104 acci·

451 4169 528 4234 dens
552 4167 765 4233 administrat.
790 4165 859 4233 Sao.
884 4165 996 4232 Concu.
1020 4164 1089 4230 F1o.
1113 4163 1205 4229 Pace.
1229 4164 1356 4229 decreto
1373 4165 1417 4228 23
1434 4167 1516 4247 sept.
1543 4165 1639 4230 1863.

854 4418 875 4500 g
899 4417 930 4482 4.
955 4451 995 4462 -
1020 4415 1075 4480 Da
1096 4413 1333 4480 Rusmunrm.

542 4669 621 4736 Cum
645 4667 761 4732 Pastor
784 4665 877 4752 gregi
900 4687 957 4730 suo
982 4667 1129 4730 teneatur
1152 4661 1329 4752 advigilare
1352 4667 1384 4728 et
1407 4663 1534 4747 praesto
1556 4681 1633 4742 esse,
1651 4661 1735 4726 obli·

451 4797 550 4880 gatur
581 4791 759 4878 Episcopus
783 4791 824 4856 ad
848 4790 1109 4856 commorandum
1138 4789 1261 4856 assidue
1284 4791 1318 4854 in
1341 4789 1411 4853 loco
1444 4787 1493 4851 sui
1522 4785 1611 4852 tituli
1638 4790 1672 4851 et
1693 4786 1736 4852 ad
