3872 5694
786 499 929 556 ...33-

212 683 350 761 decrets,
367 701 448 764 quac
466 678 572 746 solum
587 677 716 746 (ilerum
739 679 924 764 respiciunt,
948 679 1066 746 sufficit
1088 677 1185 744 lectio
1208 698 1291 764 quae
1313 677 1347 742 in
1370 675 1500 762 Synodo

212 808 267 885 fit;
291 805 398 892 quood
420 805 558 885 decreta,
582 826 666 888 quae
689 805 730 870 ad
753 807 860 870 totum
883 801 1038 890 populum
1061 807 1218 890 spectant,
1242 801 1419 888 publicatio
1442 801 1500 867 liet

211 931 263 998 vel
294 953 352 1016 per
382 929 554 996 lectionem
583 929 617 994 iu
648 927 782 994 ecclesia
811 927 1003 1009 cathedrali,
1032 928 1084 994 vel
1114 949 1171 1014 per
1202 927 1342 993 edictum
1372 925 1499 1012 publice

211 1058 355 1137 affixum,
378 1055 430 1121 vel
453 1055 517 1121 alio
541 1053 640 1121 simili
662 1055 757 1121 modo
782 1052 842 1141 (1).

302 1181 445 1246 Effectus
468 1185 517 1246 cst
539 1180 712 1267 obligatio,
728 1202 810 1266 quae
832 1179 917 1268 ligat
932 1179 1083 1266 Episcopi
1100 1179 1255 1258 subditos,
1274 1179 1329 1262 qui
1351 1177 1385 1242 in
1400 1175 1498 1242 Dice-

211 1307 276 1372 cesi
299 1309 390 1383 sunt;
414 1303 510 1390 idque
532 1305 590 1384 its,
615 1309 651 1372 ut
675 1306 824 1372 adeamus
848 1325 886 1372 eu
908 1305 1035 1371 nonnisi
1056 1305 1092 1370 in
1114 1301 1297 1369 devolutivo
1320 1299 1497 1386 appellatio

209 1430 341 1496 admitti
362 1430 476 1515 pmssit,
499 1433 537 1496 ut
559 1411 703 1516 sriperius
726 1430 873 1495 diximus.

460 1677 483 1760 ἓ
506 1679 537 1742 2.
562 1711 603 1722 -
628 1677 681 1741 Dn
705 1677 1005 1744 Pnunmourrorrn
1032 1675 1154 1743 Vnum
1179 1677 1258 1742 Dm.

301 1928 509 1994 Praedioandi
540 1949 655 1992 munus
677 1926 725 1990 ita
752 1925 916 2011 proprium
945 1925 1099 2012 Episcopi
1122 1931 1182 2007 cst,
1204 1931 1241 1992 ut
1263 1927 1291 1992 si
1322 1927 1494 2014 impeditus

206 2075 278 2120 non
301 2055 353 2131 sit,
376 2051 456 2117 illud
479 2073 536 2136 per
559 2073 628 2116 sese
651 2049 779 2136 explere
802 2050 1177 2117 teneatur.Goso.Tn1n.
1201 2049 1285 2118 Sess.
1302 2051 1342 2132 V,
1359 2051 1436 2137 (lap.
1452 2051 1495 2132 II,

206 2180 253 2246 dc
276 2175 347 2262 Res.
369 2177 483 2262 Neque
505 2177 540 2242 in
564 2197 601 2242 eo
613 2175 808 2262 negligendo
832 2176 1010 2242 contrariae
1034 2177 1271 2244 consuetudinis
1294 2179 1422 2243 nomine
1442 2199 1498 2243 ex·
1543 2267 1546 2274 .

206 2303 314 2370 cnsari
340 2308 458 2388 potest.
482 2301 644 2367 Faouruus
667 2303 703 2367 in
727 2302 805 2387 Cap.
823 2301 915 2368 Inter
938 2307 1039 2368 cetero
1062 2303 1100 2368 dc
1124 2303 1178 2370 off.
1201 2301 1270 2370 Iud.
1294 2304 1362 2370 ord.
1385 2327 1418 2370 u.
1444 2305 1496 2370 11.

206 2429 304 2507 Quod
326 2429 354 2494 si
377 2429 475 2494 fuerit
497 2427 646 2516 legitime
669 2427 853 2512 impeditus,
877 2427 957 2493 illud
980 2449 1038 2512 per
1058 2428 1138 2494 alios
1154 2429 1267 2514 exequi
1290 2431 1420 2496 omnino
1444 2430 1499 2496 de·

209 2557 277 2621 bet.
298 2553 349 2621 (11.
365 2552 498 2619 Ficum.
521 2551 543 2618 l.
568 2574 595 2617 c.
619 2553 674 2637 qni
698 2552 796 2617 etiam
820 2551 961 2618 declarat
981 2553 1021 2617 ad
1037 2575 1208 2638 quemnam
1231 2553 1345 2620 electio
1368 2555 1496 2640 praedi·

205 2680 329 2746 catoris
345 2679 461 2744 tamin
477 2677 671 2758 cathedrali,
689 2697 786 2761 quam
808 2677 842 2741 in
863 2676 934 2741 aliis
957 2677 1161 2742 inferioribus
1177 2677 1317 2744 ecclesiis
1332 2679 1500 2764 pertineat
1583 2669 1586 2678 ’

204 2808 245 2870 et
267 2805 394 2870 cuinam
416 2803 581 2870 incumbat
606 2823 687 2868 onus
712 2799 947 2886 eleemosynam
970 2801 1072 2868 eidem
1094 2803 1288 2888 praestandi.

299 2929 391 2994 Licet
414 2931 523 2994 autem
547 2927 714 3012 Episcopo
737 2925 920 3012 praedicere
943 2926 977 2991 in
1000 2949 1199 3012 quacumque
1222 2927 1366 2994 Ecclesia
1397 2929 1497 2996 mium
1522 2903 1526 2914 ¹

206 3054 352 3141 regulari
380 3051 429 3138 (2)
460 3075 535 3118 snae
565 3051 736 3130 dioecesis;
770 3051 825 3116 sed
857 3052 970 3136 nequit
992 3051 1130 3138 idipsum
1153 3074 1249 3140 agere
1272 3053 1340 3119 siue
1366 3051 1497 3119 licentia

204 3177 371 3246 Ordinarii
387 3180 420 3244 in
441 3179 506 3244 alin
528 3177 678 3242 dioecesi.
703 3175 774 3242 Suo.
791 3176 903 3242 Ocrea.
928 3176 1017 3243 [lonc.
1040 3178 1077 3242 o'a
1102 3177 1216 3244 Theai.
1243 3179 1282 3243 12
1307 3177 1372 3244 dec.
1400 3179 1496 3244 1614.

301 3305 372 3382 Quo
395 3325 471 3370 vero
494 3308 639 3388 tempore
663 3301 703 3366 ad
729 3299 885 3387 populum
907 3323 999 3368 suum
1022 3302 1120 3368 verba
1142 3303 1222 3368 facit
1246 3303 1435 3388 Episcopus,
1459 3325 1497 3370 eo

207 3428 389 3516 Regulures
413 3450 538 3514 quoque
562 3426 613 3492 vel
636 3427 670 3492 in
693 3428 759 3492 suis
783 3423 923 3492 ecclesiis
939 3427 1055 3492 debent
1071 3431 1186 3492 tacere.
1210 3427 1330 3493 Bened.
1353 3427 1442 3509 XIV,
1458 3431 1497 3495 de

209 3553 291 3639 Syn.
314 3553 352 3619 L.
377 3556 408 3633 9,
433 3553 510 3638 (lap.
537 3553 588 3632 17,
612 3575 644 3618 n.
670 3555 700 3618 7.

377 3801 399 3882 g
422 3803 453 3865 3.
478 3829 521 3850 -
542 3799 599 3864 Dn
627 3799 900 3864 Anemcrmoun
923 3797 1061 3864 Missus
1086 3815 1155 3864 ruo
1180 3815 1329 3865 ropuno.

301 4048 465 4114 Tenentur
487 4047 640 4133 Episcopi
664 4049 794 4114 missam
817 4067 877 4133 pro
900 4046 1020 4132 populo
1043 4047 1204 4132 applicare
1231 4049 1326 4133 idque
1353 4053 1428 4134 post
1459 4073 1496 4116 a-

204 4176 342 4261 deptam
365 4173 597 4258 possessionem
621 4172 785 4238 ecclesiae.
809 4171 879 4238 Suo.
896 4171 966 4239 Rru.
984 4173 1095 4238 Conon.
1122 4175 1161 4238 12
1185 4195 1259 4240 nov.
1286 4175 1380 4240 1821.
1405 4175 1497 4242 Circa
1625 4212 1627 4217 ·

284 4369 323 4439 (1)
342 4369 443 4426 Clerici
463 4367 623 4426 dioecesani
643 4369 679 4424 ad
698 4369 821 4425 emenda
839 4369 939 4439 synodi
958 4369 1131 4440 exemplaria
1150 4369 1213 4441 copi
1232 4389 1289 4426 non
1307 4376 1434 4442 possunt.
1449 4373 1497 4427 Su·

206 4478 261 4518 cra
273 4460 360 4531 (long.
374 4459 458 4515 Cone.
471 4459 502 4512 in
514 4459 620 4528 Aquis.
636 4457 716 4528 Susp.
730 4461 759 4514 et
773 4457 852 4515 Oonl.
867 4458 901 4512 28
915 4457 986 4514 febr.
1002 4459 1079 4524 1750,
1093 4457 1123 4512 in
1136 4458 1272 4515 Lar-im.
1287 4461 1321 4515 30
1341 4477 1404 4530 aug.
1419 4459 1497 4515 1782.

285 4547 323 4617 (2)
337 4548 428 4619 lpsius
448 4548 540 4604 solum
559 4551 603 4603 est
621 4547 828 4618 praedicatores
841 4548 953 4604 mittere
967 4548 996 4603 in
1010 4565 1061 4604 sua
1074 4547 1194 4605 dioecesi
1214 4551 1243 4604 et
1260 4565 1313 4604 nec
1324 4549 1393 4619 ipsis
1406 4549 1498 4620 Regu-

206 4631 319 4694 laribus
336 4637 412 4702 licet,
433 4654 465 4692 eo
490 4635 711 4703 contradicente,
730 4635 891 4693 concionari
910 4637 947 4692 cd
966 4637 1101 4706 populum
1118 4654 1163 4704 ne,
1182 4637 1212 4691 in
1230 4637 1362 4694 Ecclesiis
1384 4637 1498 4707 quidem

209 4744 325 4784 suornm
344 4725 486 4780 Ordinum.
507 4725 583 4781 Trid.
603 4725 676 4782 Sess.
696 4715 795 4793 XXIV,
816 4725 883 4796 Gap.
897 4725 936 4780 Vl
952 4727 986 4782 dc
1003 4725 1065 4793 Res.
1085 4725 1245 4781 Gneoonrns
1264 4725 1316 4782 XV
1335 4725 1428 4784 const.
1449 4727 1498 4784 Iu·

207 4816 364 4874 amabili.
382 4815 485 4871 Basso.
504 4813 570 4870 XIV
590 4816 623 4873 dc
642 4815 754 4887 Synodo
771 4815 800 4870 L.
820 4817 844 4883 9,
865 4831 887 4869 e.
909 4816 950 4870 15.
970 4814 1013 4869 Cf.
1032 4815 1105 4885 App.
1125 4815 1146 4870 1.
