3872 5694
1010 508 1170 562 -100-

444 677 609 740 canonibus
630 681 809 756 requisitam
823 681 976 740 accedant.
993 713 1031 724 -
1046 679 1095 741 20.
1114 681 1267 740 Indicetur
1287 700 1325 740 an
1347 683 1449 758 aliqua
1470 685 1591 760 speciali
1613 687 1734 746 ratione

444 777 560 837 consuli
581 779 685 854 possit,
712 781 746 836 ut
765 778 885 836 tacilius
903 778 1052 837 catholica
1073 778 1146 836 tides
1167 780 1248 838 inter
1268 780 1426 856 indigenas
1446 785 1641 858 propagetur.

524 877 571 934 De
592 877 744 945 Ecclesiia
772 876 934 951 Coppellis,
958 885 986 935 et
1008 877 1225 951 Presbyteriia
1239 910 1277 920 -
1292 877 1341 936 21.
1366 878 1563 956 Exprimatur
1583 898 1621 938 an
1644 882 1730 941 sitin

444 973 586 1032 missione
617 989 760 1032 numerus
782 973 932 1031 sufficiens
962 973 1166 1032 Ecclesiarum
1191 979 1222 1033 et
1249 975 1434 1034 Sacellorum
1466 981 1498 1034 et
1525 979 1628 1036 utrum
1659 979 1731 1039 illae

446 1071 554 1130 saltem
575 1071 754 1130 necessariis
774 1072 812 1130 ad
834 1072 970 1130 divinum
991 1071 1106 1130 cultum
1127 1075 1313 1132 ornamentis
1334 1074 1500 1133 instructae
1522 1075 1593 1135 sint.
1618 1109 1656 1120 -
1676 1078 1727 1138 22.

447 1171 494 1227 An
515 1169 681 1228 catholicus
712 1169 811 1228 cultus
843 1169 874 1227 in
895 1169 1054 1228 Vioariatu
1075 1171 1125 1228 vel
1147 1169 1343 1230 Praefectura
1363 1171 1457 1230 libere
1484 1177 1670 1249 exerceatur,
1698 1179 1732 1233 et

445 1269 594 1342 quatenus
615 1267 766 1342 negative,
784 1285 822 1325 an
838 1267 917 1325 ratio
932 1269 1081 1344 suppetat,
1100 1283 1160 1344 qua
1173 1269 1328 1328 obstacula
1342 1287 1359 1328 e
1373 1270 1470 1328 modio
1486 1269 1675 1331 auferantur.
1690 1306 1730 1318 -

443 1364 493 1424 23.
510 1365 557 1423 An
579 1365 611 1423 in
632 1365 761 1440 singulis
776 1366 964 1424 secerdotum
985 1365 1158 1424 residentiis
1173 1367 1214 1424 sit
1227 1367 1334 1426 decens
1355 1368 1578 1443 presbyterium
1597 1373 1651 1428 aut
1665 1371 1730 1429 sal-

445 1465 506 1522 tem
527 1463 639 1539 aliquis
660 1463 742 1521 locus
763 1479 781 1520 a
802 1463 940 1522 fidelibus
961 1463 1088 1538 oblatus,
1114 1465 1165 1522 ubi
1186 1465 1401 1524 convenienter
1421 1483 1544 1525 manere
1564 1469 1691 1543 possint.

523 1563 571 1620 De
591 1563 674 1620 bonta
695 1563 849 1621 Ecclesiae
864 1581 1033 1639 coronaque
1048 1561 1334 1622 administratione.
1348 1597 1387 1606 -
1398 1563 1447 1623 24.
1464 1564 1545 1626 Quas
1560 1565 1729 1642 eleemosy-

443 1677 497 1718 nas
519 1661 653 1718 Societas
667 1660 898 1736 Propagationis
912 1660 998 1718 Fidei
1017 1660 1228 1736 Lugdunensis
1241 1661 1393 1737 praebeat,
1412 1663 1444 1719 et
1456 1679 1496 1720 an
1510 1662 1631 1738 aliquod
1645 1663 1728 1722 aliud

442 1757 573 1816 medium
594 1760 715 1834 praesto
730 1759 779 1831 sit,
797 1760 832 1816 ut
846 1759 1060 1816 sustentationi
1080 1758 1342 1817 Missionariorum
1358 1761 1389 1818 et
1402 1760 1540 1836 expensis
1554 1777 1609 1836 pro
1621 1760 1728 1819 divino

441 1856 522 1914 culto
544 1855 685 1915 satisfiat.
708 1889 747 1900 --
767 1855 818 1915 25.
842 1855 954 1914 Utrum
974 1859 1006 1915 et
1026 1874 1102 1932 quae
1124 1857 1202 1916 bona
1222 1857 1396 1929 immobilia,
1425 1857 1474 1915 vel
1496 1875 1570 1934 quos
1591 1859 1729 1918 redditus

443 1955 549 2013 Missio
569 1955 601 2012 in
622 1957 763 2030 promptu
784 1955 896 2013 habeat
915 1955 954 2012 ad
974 1953 1065 2014 finem
1091 1957 1291 2014 memoratum
1312 1955 1494 2014 adhibenda:
1523 1960 1554 2014 et
1578 1960 1727 2032 quatenus

443 2053 594 2128 negative,
619 2069 658 2110 an
679 2051 782 2128 aliqua
801 2053 881 2110 ratio
901 2053 987 2112 innui
1008 2055 1107 2128 queat,
1132 2055 1167 2110 ut
1186 2053 1369 2129 pedetentim
1390 2055 1465 2111 corti
1491 2054 1635 2128 redditus,
1661 2057 1729 2114 sive

441 2169 495 2227 per
516 2150 682 2209 oblationes
704 2150 837 2208 fidelium
859 2151 924 2208 sive
945 2169 1000 2226 per
1013 2150 1089 2209 alias
1111 2152 1331 2227 praestationes
1358 2153 1396 2209 ab
1424 2152 1498 2228 ipsis
1520 2153 1634 2211 solutas
1652 2171 1729 2212 con-

442 2249 528 2306 stitui
549 2249 676 2325 possint.
704 2281 743 2292 -
767 2246 817 2307 26.
847 2248 880 2306 Si
902 2248 1007 2307 Missio
1029 2249 1106 2306 bona
1131 2249 1297 2308 immobilia
1322 2249 1372 2308 vel
1398 2251 1533 2308 redditus
1561 2252 1721 2326 possideat,

441 2345 670 2422 significandum
692 2347 752 2404 erit
772 2363 810 2404 an
832 2347 992 2422 abaliquo
1013 2347 1044 2405 in
1070 2347 1126 2405 hac
1146 2348 1333 2423 possessione
1357 2348 1560 2407 ecelesiastica
1585 2350 1728 2409 turbetur

441 2443 491 2502 vel
512 2461 637 2520 prorsus
657 2445 724 2520 ipsa
744 2445 892 2520 possessio
913 2445 1097 2503 aGubernio
1119 2449 1360 2521 recognoscatur.
1375 2479 1413 2488 -
1428 2445 1477 2505 27.
1494 2445 1576 2509 Quae
1590 2448 1727 2507 cautelae

440 2543 578 2602 adhiberi
601 2543 727 2618 possint,
753 2546 788 2601 ut
812 2544 968 2602 securitati
993 2543 1264 2602 ecclesiasticorum
1285 2544 1431 2602 bonorum
1456 2545 1662 2620 provideatur.
1686 2579 1726 2590 -

439 2639 489 2700 28.
513 2640 625 2698 Utrum
645 2641 727 2700 adsit
747 2641 911 2700 Consilium
939 2641 1061 2718 aliquod
1087 2643 1350 2701 Missionariorum
1374 2641 1412 2700 ad
1439 2643 1542 2702 eadem
1571 2643 1648 2702 bona
1675 2644 1725 2703 vel

440 2739 574 2797 redditus
599 2739 863 2812 administrandae,
889 2741 920 2797 et
939 2739 977 2798 ad
999 2741 1218 2816 impediendam
1239 2740 1411 2798 eorumdem
1432 2740 1668 2816 dissipationem,
1693 2745 1726 2799 et

439 2837 542 2896 utrum
565 2835 668 2896 fideles
688 2837 821 2912 aliquam
843 2840 961 2913 partem
982 2837 1113 2896 habeant
1134 2838 1165 2896 in
1186 2839 1342 2914 praedicta
1361 2839 1634 2899 administratione.

520 2935 567 2992 De
588 2936 676 2994 rebus
697 2935 742 2994 ad
762 2935 907 2993 divinum
927 2937 1048 2994 cattum
1068 2935 1283 3012 spectantibus.
1301 2967 1339 2978 —
1354 2935 1403 2995 29.
1427 2934 1529 2999 Quoad
1548 2937 1613 3010 hoo,
1631 2955 1726 3013 onpo-

439 3033 569 3091 nendum
590 3049 630 3090 an
650 3031 683 3090 in
704 3031 798 3090 sacris
819 3030 1023 3092 functionibus
1043 3051 1078 3092 ac
1098 3033 1278 3108 praesertim
1299 3033 1331 3090 in
1353 3033 1478 3090 solemni
1499 3033 1612 3092 Missae
1643 3035 1724 3094 eele-

438 3131 577 3188 bratione
597 3130 677 3187 ritus
697 3146 800 3188 omnes
820 3129 853 3189 S.
869 3131 905 3190 E.
929 3132 967 3191 R.
990 3131 1122 3190 fideliter
1143 3132 1312 3202 serventur,
1331 3131 1363 3188 et
1383 3133 1485 3187 utrum
1507 3135 1614 3188 cantus
1633 3133 1725 3189 adhi-

438 3212 567 3286 beantur
598 3230 630 3284 et
659 3245 699 3286 an
727 3229 812 3286 iuxta
841 3231 1000 3288 canonicas
1030 3228 1293 3305 praescriptiones.
1324 3259 1363 3270 —
1390 3225 1440 3286 30.
1471 3227 1583 3284 Utrum
1611 3231 1643 3285 et
1670 3229 1722 3302 qui

438 3327 597 3402 populares
624 3330 730 3384 cantus
757 3328 789 3386 in
817 3327 959 3387 Ecclesiis
986 3327 1197 3385 adhibeantur.
1221 3357 1259 3370 -
1280 3325 1330 3385 31.
1361 3327 1408 3384 An
1436 3326 1467 3383 in
1495 3325 1634 3383 omnibus
1661 3325 1722 3382 Ec-

436 3425 545 3500 clesiis‚
571 3425 602 3483 in
627 3426 735 3501 quibus
757 3425 821 3484 sine
848 3426 982 3502 periculo
1003 3423 1221 3500 profanationis
1248 3422 1316 3482 fieri
1344 3425 1451 3500 potest,
1477 3423 1665 3494 adservetur,
1691 3425 1725 3480 et

437 3524 591 3600 quomodo,
623 3523 655 3584 S.
685 3524 888 3597 Eucharistia,
914 3539 1049 3600 quaeque
1069 3523 1110 3580 ait
1130 3524 1162 3582 in
1185 3523 1304 3582 tantum
1333 3523 1563 3582 Sacramentum
1586 3519 1721 3580 fidelium

436 3624 566 3684 devotio.
584 3657 622 3667 -
636 3622 686 3684 32.
703 3623 815 3682 Utrum
836 3623 873 3681 ad
894 3623 1039 3680 maiorem
1061 3622 1157 3681 divini
1178 3621 1278 3680 cultus
1299 3622 1435 3681 decorem
1450 3623 1481 3678 et
1499 3619 1538 3678 ad
1558 3619 1609 3696 pia
1629 3635 1723 3695 opera

436 3723 601 3782 exercenda
624 3723 765 3780 canonice
796 3722 955 3780 institutae
981 3721 1043 3790 sint
1062 3721 1182 3798 aliquae
1203 3719 1475 3780 Confraternitates
1497 3719 1561 3774 sive
1583 3717 1719 3775 riorum

437 3822 501 3878 sive
527 3820 697 3895 mulierum,
728 3819 779 3879 vel
799 3820 943 3880 constitui
963 3821 1090 3898 possint.
1115 3853 1153 3862 -
1174 3818 1223 3878 33.
1247 3817 1401 3881 Quatenus
1428 3813 1619 3888 affirmative,
1644 3832 1721 3890 quae

437 3897 641 3994 sit'praesens
661 3921 834 3979 earumdem
856 3921 1033 3979 societatum
1053 3919 1183 3977 conditio
1204 3918 1236 3972 et
1255 3931 1294 3971 an
1315 3912 1530 3970 reformatione
1551 3913 1718 3987 indigeant.

438 4049 476 4060 -
490 4015 540 4076 34.
557 4018 604 4075 An
619 4017 650 4076 in
664 4017 748 4077 cultu
769 4019 872 4078 divino
885 4035 921 4077 ae
934 4017 1129 4078 veneratione
1150 4014 1329 4070 Sanctorum
1349 4009 1469 4084 aliquae
1490 4010 1721 4084 superstitiones
1785 4013 1791 4022 ‘

437 4115 617 4192 irrepserint
637 4119 669 4174 et
689 4135 776 4194 quae.

517 4215 563 4272 Da
589 4215 782 4276 Educationc
807 4223 834 4272 ct
857 4213 1054 4270 Institutione
1079 4207 1257 4266 iuventatis.
1281 4237 1319 4249 —
1340 4203 1389 4266 35.
1418 4205 1654 4281 Significandum
1679 4223 1719 4264 an

437 4311 550 4371 sintin
571 4314 715 4372 Missione
736 4311 855 4370 scholae
879 4327 934 4384 pro
954 4306 1104 4380 indigenis
1126 4307 1190 4362 tum
1214 4303 1364 4377 masculis,
1389 4306 1454 4361 tum
1473 4303 1602 4376 feminis,
1627 4307 1659 4362 et
1679 4321 1717 4362 an

436 4410 585 4470 sufficiant
612 4409 745 4468 fidelium
767 4407 850 4465 filiis.
874 4437 912 4448 -
933 4403 982 4463 36.
1013 4401 1124 4460 Utrum
1152 4402 1184 4460 in
1210 4402 1285 4478 ipsis
1311 4403 1513 4460 admittantur
1541 4402 1633 4460 etiam
1661 4401 1718 4458 filii

435 4507 600 4568 infidelium
629 4506 678 4564 vel
706 4502 940 4579 protestantium
961 4503 1015 4559 aut
1039 4501 1308 4574 schismaticorum,
1333 4503 1363 4559 et
1384 4501 1492 4576 quibus
1519 4499 1654 4572 cautelis,
1680 4517 1719 4558 ne

435 4607 658 4666 Catholicorum
680 4601 749 4659 fidei
770 4615 877 4656 nocere
898 4599 1024 4674 possint.
1048 4631 1086 4642 -
1107 4598 1156 4659 37.
1187 4601 1234 4658 An
1256 4601 1287 4657 in
1309 4599 1483 4657 memoratis
1511 4597 1621 4656 scholis
1650 4615 1717 4656 scr-

435 4706 524 4761 votur
545 4697 715 4758 omnimoda
735 4697 886 4772 separatio
906 4715 1068 4773 puerorum
1089 4715 1109 4756 a
1127 4697 1247 4774 puellis.
1270 4729 1308 4740 -
1329 4697 1379 4757 38.
1406 4695 1519 4760 Quibus
1540 4696 1656 4754 credita
1676 4697 1718 4752 sit

434 4795 602 4856 iuventutis
623 4793 786 4854 institutio.
804 4825 842 4838 -
856 4793 906 4856 39.
923 4797 971 4854 An
992 4795 1073 4854 adsit
1085 4795 1197 4872 aliquis
1217 4796 1372 4854 convictus
1393 4812 1445 4854 seu
1463 4793 1629 4870 Collegium
1651 4793 1717 4851 sive
