3906 5690
786 549 928 603 ..47-

295 724 329 782 In
343 723 463 782 casibus
477 723 575 782 dubiis
596 723 784 801 diversisque
799 725 830 783 in
844 725 931 802 praxi
952 727 1177 788 difficultatibus
1198 730 1354 790 Ordinarii
1372 731 1498 792 Sacram

214 821 295 880 hanc'
312 821 582 898 Congregationem
613 822 780 895 consulant,
806 827 840 882 ut
859 825 1065 884 contentiones
1096 843 1131 886 ac
1162 827 1332 888 nullitatem
1360 832 1497 891 actorum

215 920 369 978 devitent,

524 1153 743 1234 §Ill-Da
768 1169 972 1220 rornsrnrn
997 1171 1183 1222 colonvs.

302 1383 414 1460 Quoad
436 1387 631 1469 potestatem
655 1383 832 1450 coactivam
854 1384 1043 1470 Episcopus,
1066 1387 1246 1472 generatim
1266 1387 1440 1472 loquendo,
1459 1410 1498 1453 ea

214 1509 323 1573 omnia
345 1512 453 1593 potest
480 1509 514 1573 in
538 1509 646 1573 ordine
670 1509 829 1573 adfinem
853 1508 1116 1590 ecclesiasticum,
1131 1533 1222 1595 «quae
1254 1511 1288 1576 in
1312 1511 1379 1576 eius
1403 1515 1497 1597 pote·

212 1634 308 1700 statis
323 1635 455 1700 notione
471 1634 685 1699 continentur.
708 1633 793 1698 Hine
809 1638 937 1718 praeter
959 1635 1093 1700 crimina
1116 1635 1279 1720 quaelibet
1302 1637 1408 1720 quoad
1432 1633 1497 1701 cle-

218 1759 311 1838 ricos,
334 1761 442 1843 potest
465 1759 562 1823 etiam
584 1757 744 1842 inquirere
768 1762 801 1822 et
824 1757 937 1842 punire
961 1759 1094 1824 crimina
1114 1759 1219 1843 quoad
1234 1760 1343 1840 laicos,
1359 1761 1415 1826 sed
1430 1759 1497 1845 pri-

213 1883 320 1948 vative
336 1905 374 1947 ea
391 1883 495 1948 solum
511 1904 592 1967 quae
608 1886 683 1947 sunt
699 1881 923 1961 ecclesiastica,
935 1886 973 1948 ut
989 1883 1138 1962 haeresis,
1156 1883 1292 1948 simonia
1308 1889 1368 1950 ete.
1385 1883 1498 1950 Potest

212 2009 282 2073 iure
305 2007 539 2092 praeventionis
562 2007 721 2092 inquirere
745 2011 778 2071 et
801 2007 914 2091 punire
939 2007 1072 2072 crimina
1100 2007 1194 2072 mixti
1219 2007 1292 2088 fori,
1321 2007 1498 2074 cuiusmodi

211 2137 288 2198 sunt
308 2131 425 2197 delicta
446 2153 590 2211 venerea,
614 2153 710 2196 mura
733 2135 793 2196 eto.
819 2130 933 2196 Potest
954 2131 1071 2196 inferre
1098 2153 1215 2216 poenas
1239 2131 1498 2216 delinquentibus

210 2279 275 2322 non
298 2257 393 2322 modo
418 2255 656 2335 ecclesiastieae,
681 2256 914 2322 verumetiam
947 2255 1136 2340 corporales,
1168 2260 1304 2341 excepta
1330 2255 1499 2342 sanguinis

209 2403 322 2467 poena,
345 2381 495 2446 invocata
517 2380 545 2445 si
568 2402 648 2464 opus
672 2379 771 2445 fuerit
796 2383 956 2464 potestate
979 2379 1144 2445 saeculari.

298 2505 499 2570 Nominatim
515 2526 591 2569 vero
603 2505 742 2569 indicere
754 2509 863 2588 potest
876 2505 973 2569 etiam
984 2505 1133 2572 adversus
1145 2503 1308 2570 Parochos
1319 2504 1498 2588 suspensio·

208 2651 282 2694 nem
299 2651 336 2695 ex
352 2631 526 2712 tato-rmore
542 2629 734 2695 conscientia
752 2627 792 2692 ab
810 2627 972 2692 ordinibus
988 2627 1053 2690 iem
1064 2629 1230 2711 susceptis,
1244 2650 1339 2692 causa
1353 2628 1495 2692 criminis

208 2754 327 2819 occulti
350 2754 481 2818 minime
514 2752 665 2817 indicata.
694 2751 861 2817 Conomrvn
898 2750 1044 2815 Talnam.
1069 2749 1152 2816 Sese.
1183 2750 1272 2829 XIV,
1305 2751 1382 2834 Cap.
1414 2749 1430 2816 Ι
1460 2752 1499 2816 de

212 2879 353 2963 Resomn.
377 2879 569 2944 Baunmcrns
592 2875 671 2944 XIV
695 2877 804 2944 Consi.
828 2875 884 2943 Au
905 2877 1077 2944 militantis
1100 2879 1120 2942 3
1144 2877 1253 2941 martii
1278 2877 1373 2954 1742,
1400 2875 1418 2959 ξ
1443 2877 1497 2942 23.

206 3005 255 3072 Ut
278 3009 385 3070 eutem
408 3006 442 3070 in
466 3003 576 3069 eadem
598 3003 774 3090 infligenda
791 3025 863 3067 eum
878 2999 992 3068 maiori
1009 3023 1072 3086 qua
1087 3003 1194 3087 potest
1210 2999 1336 3066 cautela
1352 3003 1385 3064 et
1400 3021 1493 3065 secu·

208 3133 305 3196 ritate
327 3132 501 3216 procedant
525 3130 685 3197 Ordinarii
710 3127 941 3195 catholicarmn
964 3126 1160 3206 missionum,
1181 3123 1250 3191 Sic.
1269 3125 1380 3191 Conon.
1398 3124 1492 3190 Pnor.

208 3256 278 3321 Fm.
302 3279 359 3340 per
380 3255 476 3321 Instr.
500 3257 550 3321 die
574 3258 617 3321 20
641 3255 746 3321 octob.
773 3255 859 3318 1884
882 3253 1002 3318 editam
1024 3251 1190 3338 sequentia
1213 3251 1351 3316 statuit:

300 3381 330 3442 1.
354 3377 524 3462 Suspensio
548 3401 587 3444 ex
609 3380 784 3443 informata
813 3377 1017 3455 conscientia,
1047 3398 1112 3440 non
1140 3397 1230 3440 secus
1257 3397 1295 3439 ac
1316 3373 1384 3452 illa,
1408 3395 1489 3458 quae

210 3523 268 3586 per
291 3501 471 3564 iudicialem
493 3503 685 3566 sententiam
706 3501 876 3586 infligitur,
907 3521 1076 3583 personam
1106 3497 1395 3562 eeclesiasticama
1425 3499 1490 3560 suis

210 3623 389 3703 ordinibus,
424 3646 480 3690 seu
513 3623 680 3710 gradibus,
714 3623 766 3687 vel
798 3623 1010 3710 dignitatibus
1049 3620 1269 3685 ecclesiasticis
1308 3617 1490 3680 exercendis

206 3749 379 3815 interdicit.

209 3963 287 4019 1851.
306 3961 392 4018 Porro
406 3961 483 4017 intra
501 3959 653 4016 terminum
666 3959 763 4014 decem
776 3958 884 4013 dierum
897 3975 914 4012 a
928 3956 1121 4014 notificatione
1140 3953 1300 4010 sententiae
1312 3950 1491 4022 interpositio

206 4051 407 4124 appellationis
427 4051 488 4108 fieri
506 4049 598 4115 debet,
616 4066 670 4118 quo
690 4048 785 4117 elapso
805 4051 932 4117 tempore
951 4045 1109 4102 sententiae
1128 4043 1255 4100 executio
1283 4043 1377 4099 locum
1395 4041 1490 4096 habet.

206 4141 407 4212 Appellatione
425 4156 490 4195 vero
509 4137 685 4208 interposita,
705 4136 838 4192 continuo
868 4135 952 4190 (lunia
979 4135 1015 4190 ad
1040 4133 1239 4189 anctoritatem
1267 4131 1490 4186 ecelesiasticam

207 4230 359 4301 superioris
377 4227 532 4284 instantiae
551 4226 646 4282 omnia
664 4228 730 4280 acta
748 4241 849 4280 causae
867 4223 899 4278 in
917 4223 974 4279 suis
993 4222 1205 4294 anthographis‚
1224 4220 1298 4276 idest
1316 4236 1491 4290 processum,

209 4320 270 4376 eius
284 4319 474 4384 summarium,
486 4315 679 4372 defensionem
691 4332 724 4370 ae
736 4315 908 4372 sententiam
921 4313 1034 4368 mittere
1047 4312 1138 4367 debet.
1152 4311 1229 4367 Haeo
1241 4327 1326 4379 porro
1340 4307 1491 4379 superioris

209 4407 365 4464 instantiae
379 4407 540 4472 auctoritas,
554 4405 747 4475 appellatione
765 4403 888 4474 cognita,
904 4401 1062 4473 appellanti
1074 4400 1206 4471 inmugit,
1225 4402 1257 4454 ut
1275 4399 1352 4453 intra
1370 4397 1492 4468 triginta

207 4497 267 4553 dies
287 4496 464 4552 defensorem
482 4495 606 4564 deputet,
626 4495 675 4564 qui
694 4494 729 4548 ab
755 4493 819 4562 ipsa
844 4492 1005 4563 probandus
1024 4494 1074 4546 est.
1094 4489 1134 4545 Εο
1156 4488 1277 4545 termino
1300 4483 1490 4557 peremptorio

209 4588 317 4644 frustra
335 4587 440 4656 elapso,
460 4587 590 4641 censetur
603 4601 666 4639 reus
678 4583 814 4638 beneficio
828 4579 1028 4652 appellationis
1044 4577 1228 4643 renuntiasse,
1243 4593 1328 4645 quam
1341 4576 1492 4644 propterea

207 4676 291 4732 iudex
309 4676 413 4747 gradus
434 4670 584 4744 superioris
604 4674 780 4742 peremptam
798 4671 933 4726 declarat.
946 4670 981 4724 In
995 4667 1217 4738 appellationes
1236 4663 1378 4720 sententia
1391 4661 1490 4718 Curiae
1558 4721 1560 4724 ,

208 4765 376 4836 episcopalis
395 4765 432 4819 ad
450 4761 708 4832 metropolitanam,
736 4759 963 4832 archiepiscopus
991 4759 1022 4813 in
1050 4774 1136 4812 eausa
1154 4753 1349 4825 cognoscenda
1371 4769 1405 4808 ao
1424 4752 1490 4808 deli·

207 4855 312 4910 nienda
328 4855 427 4910 eadem
445 4851 615 4924 procedendi
633 4851 765 4907 methodo
784 4853 887 4918 utetur,
908 4866 981 4919 quae
1000 4845 1128 4918 superius
1147 4844 1297 4901 indicatur.
