3872 5694
1005 466 1145 522 -gg..

431 649 517 714 nime
540 652 679 714 excusat.
704 645 876 734 Fagnanus
899 645 933 712 in
956 640 1034 730 Cap.
1060 644 1198 712 Clericus
1220 645 1259 710 de
1283 644 1357 710 cler.
1374 665 1438 710 non
1461 645 1554 710 resid.
1572 642 1606 725 3)
1631 644 1714 710 Per-

432 774 560 839 secutio·
577 777 634 838 aut
656 771 783 837 hostilis
806 772 954 851 incursio,
978 771 1040 836 nisi
1067 775 1175 836 tamen
1202 770 1312 857 gregis
1337 769 1423 836 salus
1450 770 1588 856 pastoris
1616 792 1713 856 prae-

433 898 570 963 sentiam
593 897 714 982 exigat.

522 1021 572 1086 Ex
607 1043 702 1086 causa
734 1021 879 1086 caritatis
913 1043 933 1086 a
966 1020 1139 1087 residentia
1173 1024 1324 1087 excusat:
1351 1019 1381 1105 l)
1416 1020 1542 1086 utilitas
1565 1020 1715 1105 propriae

322 1195 325 1200 -
432 1145 605 1226 Ecclesiae,
629 1167 678 1211 ex.
702 1169 752 1232 gr.
777 1146 843 1212 eius
866 1146 984 1212 iurium
1000 1146 1153 1211 defensio
1170 1143 1204 1226 2)
1220 1145 1355 1212 Utilitas
1371 1145 1533 1211 Ecclesiae
1549 1145 1715 1211 Romanae

432 1271 484 1338 vel
506 1271 704 1338 universalis.
730 1272 800 1349 Quo
824 1271 922 1337 etiam
946 1272 1058 1338 referri
1079 1275 1188 1357 potest
1217 1271 1388 1338 necessitas
1420 1271 1556 1337 adeundi
1583 1270 1715 1338 comitia

432 1397 572 1483 publica,
607 1398 646 1462 iia
681 1397 715 1462 in
749 1395 827 1462 locis
858 1397 913 1462 ubi
938 1397 1079 1484 dignitas
1102 1397 1263 1462 senatoria
1290 1396 1458 1481 Episcopia
1482 1396 1633 1462 adiuncta
1656 1398 1716 1461 est.

434 1521 577 1588 Urseius
592 1521 673 1588 VIII
689 1521 798 1588 Const.
823 1520 944 1590 Sancta
959 1520 1114 1612 abacos,
1126 1524 1165 1588 12
1182 1523 1248 1588 dec.
1268 1523 1364 1588 1634.
1388 1521 1461 1586 Huc
1484 1523 1581 1586 etiam
1604 1519 1716 1586 referri

432 1650 540 1732 potest
555 1647 726 1714 necessitas
743 1647 882 1712 narandi
906 1669 1037 1732 operam
1060 1647 1162 1713 causis
1185 1646 1462 1712 beatificaticnum
1478 1646 1530 1712 vel
1548 1647 1717 1712 canoniza-

432 1771 558 1836 tionum
580 1794 639 1857 pro
663 1773 702 1838 iis
719 1773 774 1857 qui
790 1773 984 1839 auctoritate
1007 1772 1185 1858 apostolica
1201 1772 1289 1837 adid
1305 1771 1505 1857 delegantur.
1522 1770 1592 1848 Quo
1608 1775 1717 1836 tamen

431 1896 466 1962 in
489 1919 564 1963 casu
584 1897 618 1963 id
645 1898 783 1983 speciale
810 1903 869 1978 est,
898 1903 935 1963 ut
965 1899 999 1963 in
1022 1897 1185 1962 absentiae
1212 1901 1356 1982 tempore
1383 1897 1544 1963 trimestre
1574 1897 1715 1982 spatium

431 2020 505 2108 lege
528 2021 689 2088 indultum
715 2022 940 2108 comprehendi
960 2023 1085 2103 debeat,
1105 2023 1197 2107 eique
1221 2021 1294 2088 addi
1321 2022 1490 2088 dumtaxat
1512 2021 1636 2107 possint
1660 2021 1716 2088 alii

432 2145 571 2232 triginta
606 2147 682 2226 dies,
718 2148 804 2230 quod
838 2149 865 2213 si
899 2170 964 2214 non
1002 2147 1154 2227 sufficiat,
1188 2147 1388 2212 tantumdem
1412 2169 1495 2212 anno
1530 2147 1717 2232 insequente

433 2271 564 2336 concedi
588 2275 694 2354 queat.
719 2271 835 2338 Burro.
858 2271 937 2338 XIV
958 2272 1067 2340 Const.
1091 2271 1147 2338 Ad
1167 2273 1345 2339 uniuersae.
1370 2270 1404 2355 3)
1427 2272 1562 2339 Utilitas
1585 2272 1717 2338 alterius

433 2392 607 2475 Ecclesiae,
635 2395 683 2460 ita
710 2399 819 2463 tamen
844 2401 882 2462 ut
908 2397 1038 2482 propria
1062 2397 1289 2463 detrimentum
1312 2396 1478 2482 spirituale
1505 2396 1630 2462 nullum
1656 2419 1715 2482 pa-

434 2519 553 2597 tiatur;
577 2519 656 2584 item
679 2519 805 2587 utilitas
827 2521 1021 2607 reipublicae
1045 2544 1094 2587 ex.
1118 2544 1168 2609 gr.
1192 2522 1233 2587 ad
1256 2543 1367 2606 pacem
1391 2522 1632 2588 conciliandam.

523 2643 729 2710 Conditiones
764 2645 879 2731 quibus
914 2668 1027 2711 causae
1061 2647 1157 2712 modo
1191 2650 1387 2712 memoratae
1410 2647 1631 2726 subiiciuntur,
1655 2646 1716 2712 hac

433 2773 522 2834 sunt:
550 2767 582 2851 l)
606 2775 643 2835 ut
666 2769 825 2836 habeatur
846 2771 930 2836 ratio
965 2772 1164 2838 necessitatis
1196 2772 1323 2858 gregis3
1350 2770 1384 2854 2)
1413 2777 1449 2838 ut
1471 2777 1615 2839 servetur
1638 2773 1715 2838 ordo

434 2893 596 2972 caritatis3
622 2893 655 2975 3)
679 2898 717 2959 ut
741 2917 836 2962 causa
853 2918 934 2980 quae
951 2896 1060 2962 adesse
1084 2894 1210 2976 dicitur,
1228 2897 1267 2960 ad
1284 2895 1398 2962 Sedem
1415 2897 1637 2982 Apostolicam
1660 2919 1716 2963 seu

434 3018 475 3082 ad
507 3039 632 3082 sacram
654 3019 947 3106 Congregationcm
971 3020 1108 3086 fideliter
1131 3019 1309 3098 deferatur;
1334 3018 1368 3100 4)
1392 3023 1429 3084 ut
1454 3021 1555 3104 ipsius
1578 3021 1718 3086 Romani

434 3141 602 3207 Pontificis
626 3142 815 3228 adprobatio
839 3149 872 3210 et
894 3145 1025 3210 licentia
1048 3144 1188 3209 accedat.
1212 3143 1327 3208 Burro.
1350 3143 1429 3208 XIV
1452 3143 1473 3208 l.
1498 3166 1525 3207 c.
1549 3143 1642 3210 Unde
1665 3166 1717 3209 se·

436 3266 555 3349 quitur,
579 3267 773 3356 abrogatum
796 3291 863 3335 esse
895 3267 1030 3335 Concilii
1061 3267 1240 3332 Tridentini
1270 3267 1530 3352 decretumque
1562 3267 1717 3334 eiusmodi

434 3411 549 3458 causae
572 3393 716 3481 cognitio
739 3397 772 3458 et
795 3392 926 3458 licentia
942 3391 1041 3456 etiam
1056 3390 1307 3476 Metropolitano
1320 3389 1578 3477 permittebatur.
1592 3391 1641 3458 cf.
1659 3391 1715 3458 er-

434 3538 523 3582 nanor
545 3517 583 3584 P.
608 3520 627 3583 2
651 3522 728 3583 sect.
753 3518 805 3581 86.
830 3515 1000 3601 Excipitur
1022 3517 1063 3582 ab
1095 3516 1156 3584 hac
1187 3516 1260 3605 lege
1284 3517 1401 3604 duplex
1424 3517 1587 3584 absentiae
1611 3539 1717 3597 causa,

433 3641 569 3709 adcundi
581 3665 695 3728 nempe
705 3641 756 3707 vel
766 3639 944 3707 Concilium
955 3641 1156 3710 Provinciale
1168 3643 1219 3708 vel
1235 3643 1374 3710 Comitia
1389 3643 1528 3728 publica.
1545 3641 1625 3707 Ues.
1637 3640 1719 3708 VIII

434 3767 542 3834 Cenat.
566 3770 621 3834 cit.
645 3766 766 3835 Sancta
789 3764 947 3851 Spaodus.

701 4018 723 4098 ἓ
747 4017 789 4084 V.
810 4053 848 4064 -
867 4018 919 4082 Dn
943 4017 1181 4084 V1smar1oun
1205 4012 1441 4079 Droncusnos.

524 4261 605 4330 Cum
627 4263 705 4329 boui
728 4264 865 4348 pastoris
888 4263 931 4327 sit
954 4282 1028 4326 ores
1052 4281 1125 4326 suas
1154 4281 1247 4328 nosse
1280 4263 1313 4324 et
1336 4261 1376 4325 ab
1410 4261 1523 4326 iisdem
1555 4263 1717 4348 cognosci,

435 4389 587 4456 dioecesis
612 4387 756 4454 visitatio
778 4387 827 4452 ita
850 4407 923 4450 cum
945 4384 1099 4470 pastorali
1123 4384 1357 4469 Episcoporum
1380 4386 1484 4452 officio
1504 4386 1664 4467 cohaeret,
1681 4390 1718 4451 ut

436 4533 474 4578 ea
497 4513 680 4578 nullatenus
704 4509 811 4574 omitti
835 4513 892 4574 aut
916 4509 1041 4597 negligi
1066 4509 1175 4595 possit.
1198 4508 1249 4575 De
1272 4509 1333 4575 hac
1349 4515 1482 4596 agentes
1501 4511 1718 4595 inquiremus:

433 4631 480 4725 l),
496 4635 634 4711 Quinam
656 4633 699 4698 sit
722 4633 789 4700 eius
812 4656 937 4718 scopus,
961 4634 1009 4700 vis
1032 4656 1070 4700 ac
1093 4635 1249 4700 materia:
1275 4629 1308 4725 2)
1333 4635 1471 4712 Quinam
1494 4635 1537 4701 sit
1552 4635 1665 4702 modus
1681 4657 1719 4702 ac

433 4763 560 4842 tempus
577 4779 640 4841 quo
656 4759 839 4846 peragenda
854 4763 916 4825 est:
934 4753 967 4849 3)
985 4758 1068 4837 Quid
1084 4759 1122 4825 de
1139 4759 1283 4844 expensis
1299 4759 1511 4825 constitutum
1526 4760 1561 4824 in
1575 4760 1643 4826 iure
1664 4759 1719 4826 sit.
