3906 5690
776 518 918 574 ..49-

296 693 328 758 8.
352 692 475 760 Verum
496 697 585 760 tenet
609 695 708 762 etiam
730 695 905 779 suspensio,
929 677 959 761 si
979 718 1019 760 ex
1041 697 1186 781 pluribus
1210 697 1336 764 delictis
1361 699 1491 784 aliquod

199 816 304 882 fuerit
325 821 439 884 notum
460 819 494 884 in
509 818 647 906 vulgus,
671 825 728 885 aut
743 821 771 886 si
787 821 915 901 crimen,
933 821 1018 906 quod
1032 825 1110 888 ante
1125 823 1364 908 suspensionem
1383 823 1490 890 fuerat

199 941 377 1023 oecultum,
400 942 548 1029 deinceps
571 947 646 1030 post
668 945 772 1030 ipsam
794 945 892 1010 fuerit
915 945 955 1009 ab
980 945 1052 1012 aliis
1076 947 1274 1033 evulgatum.

295 1069 327 1132 9.
349 1066 505 1134 Prudeuti
520 1069 654 1136 arbitrio
671 1069 893 1136 Praelatorum
907 1069 1100 1155 relinquitur
1120 1073 1335 1156 suspensionis
1351 1095 1489 1158 oausam,

198 1211 259 1258 seu
282 1192 386 1276 ipsam
409 1191 547 1277 culpam,
571 1193 769 1278 delinquenti
800 1199 858 1260 aut
891 1195 1083 1280 patefacere,
1119 1200 1176 1261 sut
1209 1197 1353 1262 reticere.
1377 1197 1489 1264 Partes

199 1315 348 1402 alioquin
370 1318 541 1403 pastoralis
564 1317 788 1386 sollicitudinis
811 1323 844 1386 et
867 1319 1035 1386 charitatis
1067 1320 1251 1387 eorumdem
1274 1325 1377 1400 erunt,
1401 1325 1439 1386 ut
1461 1323 1489 1388 si

198 1441 383 1509 istiusmodi
406 1465 543 1529 poenam
566 1465 718 1529 suspenso
741 1445 947 1512 manifestare
972 1445 1162 1526 censuerint,
1178 1446 1249 1530 ipsa
1273 1467 1312 1510 ex
1336 1447 1488 1530 paternis,

198 1587 282 1650 quas
305 1567 522 1652 interponent,
544 1569 785 1650 monitionibus,
795 1570 912 1634 nedum
935 1571 975 1635 ad
998 1571 1214 1656 expiationem
1238 1570 1361 1657 culpae,
1377 1593 1488 1636 verum

197 1692 303 1756 etiam
325 1693 367 1758 ad
383 1693 637 1760 emendationem
652 1693 875 1778 delinquentis,
893 1699 925 1760 et
941 1697 981 1760 ad
997 1696 1195 1761 occasionem
1213 1697 1365 1781 peccandi
1383 1695 1488 1762 elimi-

199 1816 345 1882 nandam
367 1817 530 1883 inserviat.

295 1942 347 2006 10.
369 1939 574 2008 Meminerint
597 1964 672 2008 vero
699 1943 876 2024 Praesules,
900 1945 986 2027 quod
1018 1945 1046 2009 si
1081 1949 1194 2009 contre
1228 1945 1400 2025 decretum,
1425 1967 1487 2030 quo

197 2067 347 2152 irrogata
369 2065 433 2132 fuit
455 2067 630 2152 suspensio,
643 2073 870 2153 promoveatur
892 2090 1037 2134 recursus
1060 2070 1101 2134 ad
1124 2069 1346 2153 Apostolicam
1362 2069 1486 2149 Sedem,

196 2195 279 2256 tunc
302 2192 388 2276 apud
410 2192 514 2278 ipsam
537 2193 738 2278 comprobari
762 2193 857 2258 debet
879 2193 983 2278 culpa,
1008 2215 1089 2278 quae
1113 2194 1215 2259 eidem
1231 2195 1380 2279 praebuit
1395 2215 1487 2260 occa-

196 2317 332 2382 sionem.
357 2317 547 2384 Consultum
568 2317 687 2384 idcirco
709 2315 781 2398 erit,
804 2322 842 2383 ut
864 2323 1036 2403 antequam
1059 2318 1139 2384 haec
1170 2339 1274 2404 poena
1307 2319 1485 2406 infligatur,

197 2441 407 2525 probationes
429 2441 527 2522 illius,
551 2444 756 2527 quantumvis
779 2443 1064 2509 extraiudioialiter
1087 2447 1120 2509 et
1135 2447 1257 2509 secreto
1280 2443 1486 2530 colligantur,

197 2568 248 2632 ita
270 2570 308 2632 ut
331 2587 370 2630 eo
392 2567 473 2650 ipso,
498 2567 583 2651 quod
606 2583 678 2632 cum
702 2568 791 2632 omni
812 2568 1001 2633 certitudine
1018 2567 1249 2652 culpabilitatis
1264 2569 1298 2632 in
1318 2569 1485 2652 punitione

198 2689 368 2756 inferenda
389 2692 581 2776 proceditur,
605 2691 632 2756 si
655 2692 802 2775 deinceps
825 2713 921 2756 causa
936 2693 1147 2757 examinanda
1162 2697 1211 2757 est
1234 2693 1319 2776 apud
1342 2691 1486 2775 Aposto-

197 2815 298 2882 licam
320 2814 445 2894 Sedem,
468 2815 674 2900 probationes
690 2815 830 2880 criminis
845 2817 879 2881 in
895 2837 948 2880 ees
964 2814 1168 2881 difficultates
1184 2815 1271 2880 haud
1291 2815 1484 2902 impingant,

199 2962 282 3025 quae
304 2944 342 3006 ut
363 2941 537 3026 plurimum
560 2945 730 3006 occurrunt
752 2942 786 3005 in
808 2940 988 3006 istiusmodi
1003 2939 1144 3026 judiciis.

291 3065 342 3132 11.
367 3065 397 3130 A
420 3066 547 3132 decreto
569 3061 785 3150 suspensionis
808 3085 847 3130 ex
869 3065 1046 3131 informata
1074 3063 1269 3130 conscientia
1300 3085 1366 3130 non
1389 3065 1485 3130 datur

198 3190 374 3278 appellatio
398 3191 439 3256 ad
460 3189 604 3260 tribunal
625 3191 796 3276 superioris
820 3191 949 3256 ordinis.
980 3189 1157 3274 Postquam
1192 3189 1310 3254 idcirco
1343 3189 1488 3256 Clericus.

149 3349 151 3354 ·
198 3317 436 3383 intimationem
450 3315 664 3400 suspensionis
680 3315 839 3395 habuerit,
852 3316 879 3381 si
894 3315 1101 3382 nihilomiuus
1117 3313 1370 3398 appellationem
1381 3314 1483 3380 inter·

127 3503 133 3508 .
200 3459 330 3521 ponere,
353 3439 482 3521 eiusque
505 3440 640 3504 obtentu
661 3439 696 3503 in
718 3439 814 3504 altari
836 3440 1027 3518 ministrare,
1053 3461 1108 3503 seu
1134 3438 1246 3522 quovis
1269 3438 1365 3504 modo
1392 3461 1484 3504 suum

203 3559 347 3625 ordinem
369 3557 553 3623 solemniter
585 3581 729 3626 exercere
756 3566 950 3646 praesumat,
978 3561 1090 3625 statim
1119 3561 1232 3624 incidit
1262 3561 1297 3622 in
1325 3559 1484 3642 irregula-

202 3685 342 3752 ritatem.

294 3809 345 3873 12.
369 3806 502 3892 Semper
524 3809 634 3878 tamen
655 3809 747 3891 patet
781 3805 887 3872 aditus
915 3802 1202 3890 adapostolicam
1235 3802 1372 3882 Sedem3
1396 3807 1429 3869 et
1450 3805 1485 3870 in

201 3955 276 4009 casu
299 3955 363 4019 quo
386 3931 526 4000 Clericus
550 3932 670 4017 absque
693 3931 862 3997 sufficienti
885 3951 922 3996 ac
937 3929 1123 3996 rationabili
1139 3951 1234 3994 causa
1249 3949 1283 3994 se
1303 3928 1364 3994 hac
1379 3949 1484 4014 poena

200 4059 373 4125 multatum
395 4061 533 4144 reputet,
556 4077 717 4122 recurrere
739 4057 859 4140 poterit
882 4057 921 4121 ad
941 4055 1109 4122 Summum
1131 4053 1332 4120 Pontificem.
1350 4051 1483 4118 Interim

199 4185 364 4251 tamenin
388 4185 498 4272 vigore
521 4185 688 4268 permanet
710 4182 872 4248 decretum
895 4181 1109 4266 suspensionis
1123 4201 1224 4265 usque
1250 4179 1325 4244 dum
1349 4179 1483 4263 abipso

198 4309 368 4389 Pontifice,
390 4307 442 4373 vel
477 4331 495 4372 a
525 4307 558 4374 S.
595 4298 866 4394 congregatione,
891 4329 972 4391 quae
996 4307 1034 4372 de
1058 4327 1188 4370 recursu
1211 4304 1352 4369 iudicare
1377 4301 1482 4381 debet,

199 4457 265 4502 non
287 4433 386 4500 fuerit
407 4433 575 4498 rescissum
599 4436 655 4500 aut
678 4433 776 4498 etiam
799 4431 1010 4497 moderatum.

294 4559 346 4624 13.
371 4558 520 4624 Ceterum
544 4579 616 4622 cum
638 4556 818 4622 istiusmodi
840 4577 945 4640 poena
968 4555 1011 4620 sit
1034 4553 1209 4619 remedium
1224 4551 1355 4617 omnino
1378 4553 1483 4614 extra·

202 4683 406 4764 ordinarium,
424 4682 510 4767 quod
532 4682 719 4767 praesertim
742 4682 783 4746 ad
806 4679 1022 4765 expiationem
1045 4679 1213 4744 criminum
1231 4677 1351 4760 absque
1370 4673 1482 4739 formis

205 4809 379 4876 iudiciariis
403 4807 593 4886 adhibetur;
616 4828 693 4892 prae
725 4805 825 4873 oculis
858 4805 1000 4872 habeant
1022 4804 1164 4871 Praelati
1187 4803 1220 4870 id
1248 4800 1333 4886 quod
1355 4800 1482 4885 sapien·

1358 4943 1376 4996 4
