3906 5690
817 541 853 550 -
872 515 906 568 37
925 541 960 551 -

552 727 574 807 ξ
596 725 623 791 Ι.
649 763 689 773 -
714 727 767 792 Da
790 743 996 794 1111111111
1016 744 1216 794 caumana.

335 937 415 1004 Cum
440 938 619 1024 Episcopus
641 939 804 1005 Dioecesis
827 961 903 1006 suae
930 941 1078 1026 princeps
1102 947 1135 1007 et
1158 945 1269 1027 pastor
1295 943 1348 1022 sit,
1375 941 1533 1027 imprimis

244 1062 402 1146 quidquid
426 1066 475 1127 est
497 1062 651 1149 legiferae
682 1064 863 1149 potestatis,
895 1065 928 1131 id
950 1065 985 1130 in
1008 1067 1075 1132 eius
1098 1067 1316 1132 iurisdictione
1340 1068 1531 1148 continetur,

244 1187 390 1272 adeoque
414 1187 570 1272 competit
594 1188 776 1273 Episcopo:
803 1186 834 1270 1)
858 1188 962 1277 Leges
985 1189 1068 1255 ferre
1099 1213 1157 1274 pro
1186 1213 1244 1256 sua
1278 1191 1413 1256 dioecesi
1436 1192 1470 1255 in
1493 1188 1532 1256 iis

244 1312 396 1377 omnibus
421 1333 502 1396 quae
525 1313 689 1397 pertinent
711 1314 751 1378 ad
773 1336 866 1378 suum
889 1313 1039 1395 officium,
1064 1315 1149 1400 quod
1172 1319 1222 1381 est
1254 1317 1289 1380 in
1311 1317 1419 1381 divino
1443 1315 1532 1382 cultu

244 1437 463 1528 promovendo
488 1441 521 1501 et
544 1439 759 1503 conservando
783 1443 817 1504 et
848 1440 882 1504 in
913 1441 1025 1506 ovibus
1057 1441 1118 1506 sibi
1150 1441 1277 1506 creditis
1309 1442 1475 1526 pascendis
1498 1443 1530 1506 in

242 1561 358 1627 ordine
382 1562 422 1626 ad
445 1563 542 1626 finem
565 1561 823 1628 ecclesiasticum.
847 1563 986 1629 Bineosu
1009 1567 1047 1630 de
1070 1567 1122 1647 off.
1147 1573 1176 1632 el
1191 1571 1307 1648 polest.
1331 1565 1395 1647 Ep.
1422 1562 1531 1650 Oomp.

243 1685 284 1750 P.
302 1683 333 1768 2,
350 1707 382 1750 n.
400 1687 453 1750 49.
477 1684 570 1751 Unda
589 1687 687 1752 etiam
710 1687 855 1770 sequitur
877 1687 979 1753 eidem
1004 1693 1183 1774 competere
1205 1691 1255 1754 ius
1271 1693 1443 1773 utcumque
1459 1713 1530 1756 mu-

245 1809 348 1890 tandi,
361 1811 427 1876 sive
440 1810 627 1896 abrogandi,
640 1811 706 1876 sive
723 1811 1012 1896 dispensationibus
1027 1799 1192 1879 relaxandi
1207 1818 1278 1878 tum
1293 1814 1448 1899 proprias,
1461 1817 1532 1880 tum

245 1938 483 2000 antecessorum
505 1935 603 2023 leges,
628 1937 798 2002 dummodo
821 1937 993 2022 superioris
1017 1939 1220 2020 auctoritate,
1246 1961 1294 2004 ex.
1319 1961 1368 2025 gr.
1393 1938 1532 2003 Romani

244 2059 425 2140 Pontificis,
448 2081 514 2125 non
536 2061 656 2126 fuerint
678 2061 903 2143 communitae,
936 2067 993 2128 aut
1015 2064 1194 2130 iuramento
1218 2064 1348 2149 proprio
1372 2065 1530 2142 firmatae,

243 2206 336 2250 secus
359 2186 387 2250 si
410 2186 553 2250 munitae
575 2185 695 2251 luerint
710 2187 889 2252 iuramento
905 2191 1150 2254 antecessorum.
1166 2187 1250 2254 111111
1265 2189 1410 2272 sequitur
1425 2188 1528 2252 eidem

244 2315 427 2395 competere
450 2311 500 2375 ius
525 2310 701 2398 abrogandi
724 2311 932 2396 particulares
955 2313 1198 2378 consuetudines
1221 2333 1296 2377 suae
1320 2313 1483 2391 dioecesis,
1500 2312 1528 2378 si

245 2434 331 2498 forte
356 2433 518 2499 Ecclesiae
540 2435 625 2500 bono
649 2435 801 2501 officiant.
827 2436 897 2513 Qua
919 2437 953 2500 in
975 2457 1010 2502 re
1037 2437 1209 2521 prudenter
1232 2457 1265 2502 se
1289 2457 1399 2522 gerere
1423 2436 1527 2514 debet,

245 2559 434 2643 praesertim
460 2561 487 2624 si
511 2559 595 2624 adsit
618 2559 848 2644 praeiudicium
871 2560 970 2624 tartii.
994 2559 1200 2626 8110111111.
1225 2561 1314 2626 Coro.
1337 2561 1375 2624 ia
1401 2560 1529 2642 Leopol.

250 2684 292 2747 13
314 2681 385 2746 iulii
412 2684 508 2748 1763.
532 2682 608 2747 Non
631 2686 738 2766 potest
762 2686 870 2747 autem
892 2681 1086 2748 universales
1102 2682 1344 2747 consuetudines
1361 2683 1527 2769 abrogare,

246 2805 368 2890 quippe
391 2827 472 2890 quae
496 2805 609 2871 adius
633 2827 800 2870 commune
823 2805 994 2890 pertinent.
1021 2805 1137 2870 Besso.
1161 2804 1240 2871 XIV
1263 2807 1300 2872 de
1328 2805 1419 2872 sacr.
1448 2803 1529 2872 Mis.

245 2931 283 2996 L.
300 2953 342 2997 nr.
360 2930 495 3016 Insuper
509 2919 663 3016 sequitur,
687 2931 789 2996 eidem
806 2935 999 3016 competere:
1017 2929 1051 3012 2)
1067 2929 1121 2996 Ius
1136 2930 1344 3015 particularia
1358 2935 1532 3015 praecepta

246 3055 368 3122 ferendi
392 3057 425 3122 in
448 3077 600 3141 personas
617 3055 678 3122 sibi
694 3056 849 3136 subditas,
868 3059 901 3120 et
916 3055 1052 3141 denique
1068 3052 1101 3137 3)
1118 3059 1312 3139 potestatem
1328 3054 1532 3138 dispensandi

245 3203 266 3245 a
288 3181 357 3246 iure
378 3182 538 3247 communi
561 3181 601 3246 iis
623 3181 657 3245 in
681 3180 816 3260 casibus,
831 3181 866 3244 in
889 3180 1003 3264 quibus
1026 3181 1076 3245 ius
1098 3180 1204 3264 ipsum
1228 3201 1395 3246 commune
1417 3179 1451 3242 id
1472 3201 1532 3264 pa·

247 3305 338 3382 titur,
362 3303 505 3372 scilicet:
530 3302 563 3385 α)
591 3305 618 3369 si
652 3325 800 3389 expresse
827 3305 930 3368 eidem
944 3303 1083 3369 facultas
1110 3303 1314 3388 dispensandi
1329 3302 1530 3379 conceditur;

249 3423 281 3502 b)
306 3425 333 3486 si
355 3423 445 3486 nulla
466 3426 555 3489 facta
573 3428 736 3491 mentione
758 3447 861 3510 neque
884 3427 1046 3511 Episcopi,
1062 3447 1165 3510 neque
1188 3427 1320 3490 alterius
1343 3425 1532 3508 cuiuspiam,

248 3545 439 3630 simpliciter
454 3547 579 3612 dicatur
606 3551 619 3581 ⁸
639 3549 813 3632 dispensari
827 3571 920 3634 posse
940 3599 953 3629 ,
973 3549 1112 3614 Busaosr
1135 3551 1168 3612 in
1185 3550 1263 3633 Oap.
1280 3549 1299 3612 5
1318 3547 1535 3612 (1111111111

254 3671 344 3735 “nisi
366 3670 466 3736 fuerit
491 3671 709 3756 dispensatum
729 3722 741 3752 ,
762 3672 814 3737 111
834 3675 847 3706 “
867 3673 967 3738 donec
981 3673 1182 3756 dispensetur
1201 3721 1229 3752 „
1246 3671 1387 3755 exceptis
1403 3669 1531 3754 dispen-

247 3794 427 3860 sationibus
463 3795 764 3876 matrimonialibus,
797 3794 1243 3863 cf.cl.D'Ass1srssSum.
1270 3794 1377 3861 Tbeol.
1411 3793 1531 3860 Morul.

245 3919 282 3985 in
313 3919 442 4006 Proleg.
473 3943 505 3986 n.
537 3921 612 3986 231.
644 3920 696 3986 vel
727 3923 754 3987 si
786 3921 988 4006 dispensandi
1020 3921 1085 3986 sint
1116 3921 1246 4006 ipsimet
1276 3919 1436 3985 Ordinarii
1471 3940 1534 4003 qua

247 4044 344 4123 tales;
369 4042 398 4125 c)
418 4045 445 4110 si
468 4045 516 4110 ita
531 4045 758 4110 consuetudine
774 4045 817 4111 sit
832 4046 1060 4126 introductum,
1077 4050 1110 4110 11
1125 4068 1164 4110 ex
1179 4045 1241 4110 hoo
1257 4044 1361 4130 capite
1378 4043 1532 4129 Episcopi

248 4169 435 4253 dispensant
457 4171 491 4235 in
514 4169 641 4257 legibus
664 4169 740 4235 latis
762 4171 797 4235 in
820 4169 955 4255 Synodis
979 4169 1243 4250 Prouincialibus,
1259 4190 1373 4253 nempe
1389 4168 1423 4232 in
1442 4167 1531 4233 dioe-

247 4293 312 4358 cesi
337 4293 472 4378 quisque
495 4317 570 4372 sua;
595 4292 631 4376 d)
656 4295 780 4378 quoties
803 4317 868 4361 non
892 4298 940 4362 est
962 4293 1234 4360 facilis'recursus
1262 4293 1303 4358 ad
1325 4292 1420 4357 Rom.
1444 4291 1531 4356 Pon-

248 4419 369 4483 tificem
392 4422 425 4482 et
449 4417 627 4503 periculum
650 4439 749 4506 grave
772 4423 820 4484 est
849 4419 883 4494 in
914 4441 1026 4498 mora;
1057 4417 1085 4502 1)
1118 4419 1152 4484 in
1183 4418 1297 4498 dubiis,
1328 4416 1466 4480 maxime
1500 4415 1535 4479 in

246 4541 344 4607 dubio
368 4565 411 4607 an
432 4563 482 4607 res
506 4546 601 4629 egeat
631 4539 954 4628 dispensatione,ch
984 4565 1025 4608 an
1058 4544 1143 4609 adsit
1178 4563 1274 4607 causa
1308 4540 1467 4606 sufficiens
1491 4539 1531 4604 ad

249 4665 508 4750 dispensandum:
534 4667 741 4751 quamobrem
757 4667 784 4734 si
798 4671 913 4754 postea
936 4654 1417 4754 apparuerit'dispensationem
1440 4647 1533 4728 Rom.

248 4789 344 4857 Pont.
368 4813 479 4858 revera
501 4791 600 4857 fuisse
623 4793 844 4874 necessariam,
867 4793 986 4859 sufficit
1008 4798 1118 4858 tamen
1142 4814 1180 4857 11
1204 4811 1285 4876 quae
1309 4790 1348 4855 ab
1366 4787 1539 4876 Ordinatio¹
