3906 5690
848 500 993 577 ..pq-4.-

277 703 413 770 consur.
431 703 577 768 (innocen
600 700 680 767 XIII
695 701 850 786 Exposcit
865 703 1012 768 debitum.
1028 701 1093 768 Ubi
1109 723 1184 767 vero
1208 724 1247 768 ex
1269 703 1377 789 gratia
1400 703 1441 767 ab
1466 701 1559 788 Apo-

276 828 392 894 stolica
414 827 495 894 Sede
517 829 692 913 impetrata
715 827 755 892 ad
785 827 955 894 secundum
980 827 1154 892 triennium
1182 828 1323 914 eligitur,
1346 849 1411 893 non
1439 829 1561 912 poterit

277 953 380 1018 denuo
404 975 424 1017 a
445 952 638 1018 monialibus
662 951 740 1039 eligi
772 953 813 1018 ad
836 951 968 1017 tertium
991 951 1164 1017 triennium
1187 953 1307 1036 absque
1329 974 1413 1018 nova
1436 952 1560 1038 dispen·

276 1078 411 1144 satione.
436 1077 560 1142 Exacto
583 1077 732 1156 triennio,
756 1075 784 1142 si
814 1077 899 1142 forte
922 1077 1091 1163 contingat
1113 1081 1150 1142 ut
1180 1099 1263 1141 nora
1293 1075 1467 1142 Abbatissa
1494 1099 1560 1142 non

277 1202 427 1288 eligatur,
450 1203 562 1287 nequit
584 1201 642 1266 illa
666 1223 747 1287 quae
770 1202 944 1266 triennium
967 1201 1139 1286 complevit
1162 1223 1255 1266 suum
1284 1201 1429 1287 regimen
1453 1201 1574 1267 conti?

276 1349 376 1393 nuare
398 1309 494 1392 titulo
520 1326 678 1391 Praesidis
703 1325 754 1391 rel
775 1326 920 1410 quolibet
945 1326 1018 1405 alio,
1043 1326 1097 1391 aed
1120 1326 1264 1412 regimen
1287 1324 1404 1390 seniori
1427 1325 1559 1396 moniali

277 1451 487 1517 demandetur
509 1453 647 1535 oportet.
672 1447 742 1516 Sic.
760 1451 871 1517 Conon.
888 1450 962 1514 Ere.
987 1454 1020 1514 et
1034 1449 1121 1514 Rue.
1144 1451 1182 1516 ire
1205 1449 1389 1516 Maaarien.
1413 1455 1436 1516 8
1458 1447 1554 1515 Mor·

278 1578 319 1641 tii
335 1582 432 1642 1700.

370 1699 481 1777 Quoad
498 1699 661 1765 electionis
674 1701 823 1778 formam,
836 1699 1105 1784 praemonendum
1120 1698 1261 1764 estnihil
1277 1721 1344 1765 esse
1360 1699 1560 1777 innovatum,

277 1829 312 1889 et
335 1845 535 1889 communem
558 1824 696 1889 formam
719 1823 907 1922 servandam
930 1843 998 1888 esse
1020 1823 1053 1887 in
1077 1822 1232 1888 electione
1255 1822 1422 1889 Abbatum
1445 1843 1558 1907 perpe·

278 1953 418 2024 brorum,
447 1951 502 2034 qui
529 1949 650 2014 scilicet
678 1947 827 2014 ecclesias
859 1953 892 2013 et
918 1948 1113 2014 monasteria
1143 1947 1177 2013 in
1208 1946 1339 2014 titulum
1370 1941 1560 2032 perpetuum

282 2074 438 2139 obtinent.
452 2075 588 2160 Argum.
601 2073 697 2140 (lonc.
711 2073 799 2138 Trid.
813 2071 895 2138 Sese.
908 2071 1011 2151 XXV,
1028 2072 1105 2156 Gap.
1122 2071 1179 2150 Vl,
1193 2074 1232 2138 de
1244 2071 1322 2156 Rep.
1335 2071 1560 2138 Rmrrnrsrnnn

279 2199 319 2264 de
348 2199 431 2264 elect.
455 2221 486 2263 n.
511 2199 587 2264 336.
612 2198 725 2274 Quoad
753 2197 833 2262 alios
857 2219 942 2276 vero,
959 2197 1116 2281 quaedam
1139 2198 1260 2282 pariter
1283 2197 1321 2262 de
1344 2197 1560 2284 Regularibus

279 2305 470 2410 generatim,
494 2323 651 2408 quaedam
675 2323 713 2387 de
737 2322 929 2387 monialibus
952 2306 1119 2407 speciatim
1147 2323 1324 2388 constituta
1346 2328 1431 2388 eunt.
1456 2321 1560 2388 Gene-

278 2450 375 2514 ratim
398 2447 576 2515 Concilium
599 2446 686 2512 Trid.
703 2448 725 2512 l.
743 2469 770 2511 c.
786 2448 903 2512 statuit
917 2432 964 2512 ita
979 2449 1168 2514 servandum
1186 2469 1253 2514 esse
1276 2453 1433 2514 secretum
1456 2448 1561 2533 quoad

277 2553 452 2658 suffragia,
467 2577 512 2637 ut'
527 2594 637 2637 eorum
649 2571 825 2656 publicatio
841 2571 1028 2637 electionem
1044 2573 1170 2636 irritam
1186 2573 1285 2637 faciat
1301 2577 1334 2638 et
1356 2572 1561 2638 inhabilitate

279 2699 321 2762 ad
344 2695 505 2782 quaelibet
529 2697 634 2762 officia
657 2718 733 2762 suae
756 2696 937 2782 Religionis
953 2718 1026 2760 eum
1041 2697 1205 2780 percellat,
1222 2697 1276 2780 qui
1292 2697 1354 2762 hoc
1371 2697 1466 2762 modo
1482 2697 1561 2784 eligi

280 2821 469 2908 permiserit.
497 2820 586 2885 Haeo
612 2824 721 2885 tamen
749 2803 840 2884 iuxta
868 2841 1068 2884 communem
1095 2821 1279 2904 opinionem
1305 2820 1412 2886 locum
1440 2819 1562 2886 habent

278 2947 307 3012 si
330 2945 432 3011 maior
455 2967 528 3031 pars
552 2944 685 3030 capituli
709 2965 746 3010 ea
769 2945 803 3010 in
826 2965 859 3008 re
883 2946 1063 3029 peccaverit
1085 2945 1152 3010 sive
1176 2945 1342 3030 proprium
1366 2949 1478 3010 votum
1500 2967 1561 3030 pu-

278 3072 439 3152 blicando,
454 3071 521 3136 sive
535 3071 762 3136 consentiendo
780 3071 873 3136 unius
889 3071 988 3135 etiam
1003 3070 1225 3154 publicationi.
1242 3067 1469 3135 Rsrrrnrsrurn
1485 3071 1517 3134 h.
1535 3073 1561 3135 t.

279 3219 311 3262 n.
335 3198 410 3262 346.
433 3185 526 3262 Unde
549 3195 628 3260 haec
644 3197 843 3261 communius
859 3195 1050 3274 inferuntur,
1067 3195 1152 3280 quod
1172 3195 1276 3260 forma
1293 3195 1512 3280 compromissi
1528 3199 1561 3259 et

280 3321 371 3405 quasi
393 3319 612 3404 inspirationis
640 3320 784 3385 adhiberi
811 3343 876 3384 non
903 3321 1007 3404 possit
1037 3319 1179 3403 (Granum
1209 3319 1230 3384 l.
1259 3343 1286 3385 c.
1304 3317 1390 3385 Seot.
1417 3319 1506 3400 161),
1529 3325 1562 3384 et

280 3443 367 3523 quod
389 3443 541 3527 suffragia
563 3465 629 3508 non
651 3429 776 3526 possint
799 3444 915 3528 aperiri
931 3448 1078 3508 oretenus
1094 3445 1336 3509 scrutatoribus.
1361 3442 1430 3508 Sao.
1448 3445 1560 3510 Coros.

283 3561 403 3627 (lorcin.
427 3565 511 3644 apud
533 3564 723 3649 Fagnanum
746 3567 779 3630 in
803 3567 880 3650 Cap.
910 3567 993 3647 Quia
1010 3573 1145 3647 propter
1167 3567 1205 3629 de
1229 3565 1321 3629 elect.
1345 3587 1380 3627 n.
1404 3568 1457 3627 22.

372 3684 546 3770 Speciatim
566 3688 675 3770 quoad
698 3675 852 3751 moniales
876 3688 1040 3766 statuitur,
1057 3691 1093 3752 ut
1109 3689 1226 3770 sipara
1242 3685 1346 3748 maior
1369 3685 1563 3750 consenserit

281 3810 316 3874 in
330 3809 433 3875 electa
449 3815 481 3875 et
497 3809 623 3895 aliquae
639 3831 678 3876 ex
694 3809 888 3897 eligentibus
904 3811 1074 3896 insurgant
1091 3809 1239 3875 adversus
1256 3807 1410 3874 eiusmodi
1431 3807 1563 3874 electio-

281 3957 364 4014 nem,
378 3917 416 4000 ea
431 3958 495 4001 non
510 3937 613 4021 possit
629 3937 810 4002 confirmari
826 3957 845 4000 a
862 3935 1041 4021 Superiore,
1056 3935 1117 4001 nisi
1133 3955 1281 4000 numerus
1298 3921 1564 4000 consentientium

282 4079 339 4144 per
361 4081 520 4127 accessum
543 4065 664 4126 crescat
687 4063 850 4146 usquead
871 4062 950 4126 dues
974 4061 1087 4126 tertias
1112 4063 1229 4144 partes.
1252 4056 1310 4124 Sin
1333 4057 1437 4124 minus
1460 4057 1562 4140 admi·

282 4183 430 4250 nistratio
453 4187 650 4267 monasterii,
668 4187 798 4270 dempta
814 4173 970 4251 facultate
986 4184 1146 4250 alienandi
1162 4183 1212 4248 vel
1227 4173 1377 4267 aliquam
1391 4182 1563 4248 monialem

280 4307 465 4392 recipiendi,
490 4309 719 4374 committenda
743 4315 792 4376 est
807 4310 938 4388 electae,
955 4309 1054 4374 donec
1070 4307 1221 4392 Superior
1236 4307 1408 4394 diligenter
1424 4305 1562 4391 quidem,

280 4432 338 4496 sed
361 4431 480 4515 absque
502 4433 569 4498 ullo
593 4421 751 4518 apparatu
784 4434 893 4499 iudicii
927 4422 1069 4517 inquirat
1100 4433 1133 4496 in
1156 4432 1326 4498 veritatem
1349 4453 1458 4496 eorum
1482 4453 1562 4514 quae

280 4555 487 4622 obiiciantur.
501 4558 577 4642 Cap.
591 4559 633 4624 43
644 4559 684 4624 de
696 4559 787 4624 elect.
800 4559 833 4623 in
848 4560 878 4624 6.
891 4552 1163 4624 Sonuinzsnunnna
1175 4557 1226 4622 tit.
1240 4559 1279 4623 de
1290 4557 1372 4624 elect.
1385 4579 1417 4622 n.
1431 4557 1483 4635 89,
1501 4555 1518 4638 ξ
1532 4557 1565 4621 5.
