3906 5690
794 548 934 601 ..43-

229 725 334 792 bricae
358 730 414 791 aut
438 725 575 790 cuiusvis
597 723 660 790 loci
683 725 744 810 pii;
769 723 825 806 29)
850 726 891 790 ab
916 725 1073 804 examine,
1103 725 1282 789 remotione
1306 725 1357 789 vel
1380 743 1515 810 sospem·

229 850 318 916 sione
349 850 551 915 notariorum
584 850 791 915 scribentium
826 849 860 914 in
883 850 985 914 causis
1018 849 1259 927 ecclesiasticis;
1288 847 1344 932 30)
1377 849 1417 914 ab
1446 871 1515 915 ere·

232 974 337 1040 ctione
359 975 531 1056 seminarii,
555 975 764 1060 praefictione
787 979 894 1054 tanae,
918 975 1035 1040 unione
1058 974 1294 1053 beneficiorum,
1319 974 1453 1058 aliisque
1475 975 1517 1039 ad

228 1100 389 1165 seminarii
412 1100 556 1186 regimen
571 1100 820 1184 pertinentibus3
840 1097 896 1180 31)
920 1121 940 1164 a
956 1099 1091 1164 decretis
1106 1121 1202 1184 super
1216 1098 1376 1164 reddenda
1391 1099 1516 1164 ratione

229 1226 515 1291 administrationis
539 1229 650 1311 gestae
673 1225 746 1290 sede
771 1229 919 1302 vacente3
944 1221 1001 1306 32)
1025 1245 1045 1288 a
1068 1225 1207 1289 censuris
1230 1245 1401 1307 earumque
1424 1223 1517 1289 abso-

229 1351 422 1430 lutionibus3
440 1349 497 1432 33)
523 1351 563 1415 ab
581 1351 782 1417 exsecutione
799 1372 909 1416 eorum
926 1349 1079 1430 omnium,
1096 1371 1231 1434 quorum
1248 1349 1408 1414 exsecutio
1425 1348 1518 1414 Ordi-

230 1477 328 1542 nariis
352 1479 401 1540 est
424 1475 625 1540 demandata.

319 1599 421 1676 Quem
445 1604 552 1664 autem
576 1599 764 1664 iudiciorum
788 1599 943 1677 ordinem,
964 1620 1061 1682 quern
1077 1597 1214 1663 formam
1234 1602 1341 1663 tenere
1365 1597 1518 1681 Episcopi

231 1725 378 1803 debcant,
401 1728 471 1788 tum
494 1725 591 1789 sacris
614 1723 798 1802 canonibus,
822 1722 987 1788 tumultis
1019 1723 1152 1787 decretis
1177 1743 1312 1806 quorum
1344 1721 1518 1786 canonibus

230 1849 308 1934 ipsis
331 1849 418 1913 facta
439 1849 504 1914 fuit
534 1849 682 1926 accessio,
713 1847 780 1912 late
811 1851 859 1912 est
883 1847 1106 1912 coustitutum.
1136 1847 1219 1913 ‘Cum
1242 1868 1317 1911 vero
1341 1868 1422 1931 quae
1448 1845 1519 1910 iura

229 1974 450 2058 praescribunt
474 1972 580 2056 quoad
602 1972 733 2037 modum
755 1971 945 2056 procedendi
962 1971 996 2036 in
1017 1971 1120 2038 causis
1144 1970 1362 2036 criminalibus
1387 1969 1519 2034 clerico·

228 2121 313 2185 prum,
335 2119 417 2182 quae
433 2097 632 2182 frequentius
649 2096 767 2182 agitari
783 2095 899 2174 solent,
915 2095 1101 2160 summatim
1124 2097 1293 2180 perstricta
1316 2095 1520 2158 inveniantur

232 2224 266 2288 in
289 2223 354 2289 Tit.
378 2222 419 2302 X,
444 2223 521 2306 Cap.
545 2219 578 2287 Π
601 2225 634 2286 et
657 2219 705 2286 Ill
729 2219 863 2286 Concilii
890 2220 1029 2286 Plencrii
1060 2219 1314 2298 Baltimoreusis,
1339 2241 1358 2282 a
1381 2216 1414 2284 S.
1439 2217 1518 2284 Sede

232 2349 412 2434 nuperrime
434 2346 603 2433 recogniti,
628 2367 743 2430 operae
773 2344 914 2430 pretium
937 2349 985 2411 est
1009 2345 1180 2429 praecipua
1203 2366 1242 2408 ex
1266 2343 1305 2408 iis
1328 2343 1399 2408 heic
1424 2343 1519 2408 adue-

235 2477 320 2538 ctere
342 2477 380 2538 ut
400 2493 547 2566 normam
570 2470 712 2554 aliquam
734 2470 941 2554 suppeditent
964 2469 1077 2534 ceteris
1099 2467 1243 2533 locomm
1267 2467 1453 2533 Ordinariis.

552 2685 601 2751 Du
624 2685 716 2748 Mooo
739 2704 920 2747 raocsounur
943 2681 1199 2746 Erranromornnr.

312 2894 436 2960 Quando
462 2893 499 2953 ad
520 2911 610 2954 aures
631 2893 770 2970 Episcopi
792 2891 933 2969 pervenit
952 2891 1054 2966 aliquo
1075 2889 1107 2948 in
1127 2889 1191 2947 loco
1212 2889 1330 2965 peccari
1351 2888 1401 2948 vel
1427 2905 1518 2964 prae-

230 2997 319 3072 cepta
343 2995 422 3053 clero
443 2995 586 3070 imposita
606 2993 729 3070 negligi,
759 2992 924 3068 Episcopus
946 2991 1099 3066 inquirere
1121 2991 1250 3061 tenetur,
1283 2989 1385 3044 utrum
1407 2986 1518 3044 abusus

231 3093 281 3152 vel
302 3093 445 3152 delictum
467 3092 545 3168 quod
565 3092 686 3150 adeum
708 3089 843 3150 defertur
864 3107 937 3148 vere
958 3088 1070 3148 existat
1090 3105 1125 3145 ac
1145 3087 1231 3144 cuius
1252 3087 1379 3143 naturae
1401 3086 1432 3142 et
1446 3099 1521 3159 gra-

168 3227 170 3234 ·
230 3191 337 3248 vitatis
359 3191 407 3264 sit,
433 3193 468 3247 ut
488 3191 519 3248 in
540 3189 724 3248 conscientia
744 3187 877 3246 iudicare
899 3187 1005 3264 possit,
1031 3187 1134 3243 utrum
1159 3183 1222 3242 ulle
1242 3181 1363 3240 omnino
1384 3184 1415 3240 et
1443 3198 1519 3257 quae

230 3288 364 3347 remedia
384 3287 527 3344 adhibere
549 3286 666 3346 debeat.
690 3285 861 3361 Inquisiti0,
879 3302 969 3361 quum
992 3283 1140 3354 instituet,
1160 3281 1220 3340 erit
1235 3283 1288 3338 ant
1302 3280 1453 3354 generalis
1468 3283 1522 3338 aut

231 3383 383 3459 specialis:
408 3383 569 3456 generalis,
587 3383 704 3459 quamdo
725 3383 837 3442 abusus
859 3383 909 3441 vel
929 3382 1071 3441 delictum
1094 3381 1212 3436 tantum
1234 3377 1298 3436 sine
1313 3377 1516 3452 delinquentis

234 3478 355 3534 nomine
375 3477 412 3534 ud
431 3478 572 3553 Episcopi
593 3481 732 3538 notitiam
753 3479 854 3554 veuit,
879 3478 1028 3554 specialia
1054 3477 1171 3550 quando
1193 3492 1340 3532 unacum
1362 3475 1457 3530 ulrusu
1472 3475 1522 3531 vel

235 3572 344 3632 delicto
369 3572 461 3630 etiam
486 3591 593 3632 nomen
618 3575 820 3649 delinquentis
849 3574 889 3631 ad
914 3592 982 3631 euru
1010 3572 1144 3629 delatum
1169 3573 1226 3628 est.
1255 3569 1420 3642 Episcopus
1445 3569 1523 3624 hanc

233 3670 460 3747 inquisitionem
475 3669 610 3728 instituit
625 3670 673 3728 vel
695 3671 758 3744 ipse
779 3687 833 3744 per
855 3686 894 3740 se,
914 3669 964 3727 vel
985 3667 1149 3742 peculium
1163 3666 1264 3722 virum
1286 3662 1522 3720 ecclesiasticum

233 3769 271 3828 ab
292 3769 357 3844 ipso
378 3768 565 3844 deputatum.
590 3767 623 3826 Si
644 3769 738 3826 testes
758 3765 949 3826 examinandi
970 3766 1050 3838 sunt,
1075 3781 1126 3822 eos
1148 3763 1262 3820 secreto
1283 3762 1315 3818 et
1341 3758 1523 3834 singillatim

233 3867 396 3926 examinet.
420 3866 562 3924 Gcterum
576 3883 650 3924 vero
670 3867 765 3937 curet,
785 3867 819 3922 ut
833 3865 897 3921 turn
917 3862 1043 3920 testium
1064 3859 1272 3936 depositiones
1291 3860 1356 3916 tum
1373 3855 1521 3915 informe-

232 3965 330 4024 tiones
350 3963 487 4039 aliaeque
501 3963 672 4022 huiusmodi
694 3962 885 4038 probationes
907 3961 1019 4036 scripto
1041 3958 1211 4030 tradantur,
1236 3959 1267 4015 et
1288 3957 1319 4013 in
1339 3955 1432 4014 Curia
1454 3971 1524 4013 ser-

234 4064 353 4135 ventur,
383 4065 417 4120 ut
448 4063 474 4120 si
501 4079 576 4137 opus
604 4062 646 4118 sit
676 4061 714 4119 ad
745 4060 892 4118 ulteriora
916 4058 1077 4135 procedere
1109 4056 1203 4133 possit
1228 4057 1260 4112 et
1285 4057 1320 4112 ut
1344 4054 1521 4112 auctoritati

234 4161 453 4224 ecclesiasticae
475 4159 640 4234 superioris
654 4158 776 4233 gradus
795 4157 826 4215 in
840 4173 911 4215 casu
933 4155 1062 4232 legitimi
1083 4171 1224 4214 recursus
1246 4153 1339 4210 totius
1358 4151 1403 4210 rei
1425 4151 1522 4209 retio-

235 4270 307 4316 nem
328 4257 460 4316 reddetr

313 4355 378 4412 Hac
399 4353 594 4429 inquisitione
622 4355 752 4430 peracte,
778 4353 944 4428 Episcopus
966 4351 1087 4422 iudicat,
1120 4351 1222 4408 utrum
1243 4348 1443 4424 probationes,
1473 4346 1525 4403 vel

187 4435 190 4440 ¹
234 4449 343 4510 saltam
366 4450 476 4509 indicia
496 4451 527 4507 in
549 4450 649 4526 ulique
671 4451 768 4526 pretio
789 4448 927 4508 habenda
948 4446 1130 4506 sufficienter
1154 4445 1264 4518 adsint,
1298 4461 1374 4520 qnae
1397 4443 1525 4502 eumad

234 4548 364 4608 ulterius
395 4547 614 4624 procedendum
644 4549 749 4606 contra
778 4547 956 4622 inquisitum
983 4545 1117 4619 adigunt.
1146 4543 1178 4601 Si
1207 4542 1335 4600 ulterius
1365 4539 1526 4616 procedere

237 4645 334 4720 debet,
359 4647 391 4704 et
411 4645 523 4704 natura
549 4661 584 4702 aa
605 4645 744 4720 gravitas
774 4645 887 4702 abusus
908 4643 958 4702 rel
980 4641 1081 4700 delicti
1107 4639 1221 4716 dequo
1243 4638 1409 4714 inquiritur
1440 4637 1521 4710 sinit,

238 4759 297 4800 non
329 4743 433 4800 statim
464 4741 503 4800 ad
523 4758 698 4816 processum
731 4740 903 4800 iudicialem
934 4739 1080 4810 transeat,
1116 4736 1167 4795 sed
1193 4735 1279 4794 modo
1306 4735 1526 4794 extreiudiciuli

236 4840 335 4899 media
355 4839 498 4900 adhibeat
518 4839 758 4914 praevenientia,
778 4855 855 4916 quae
876 4837 1037 4914 praecipue
1059 4839 1143 4894 sunt:
1167 4833 1320 4894 Exercitia
1340 4833 1522 4910 spiritualia,
