3872 5694
1020 489 1162 546 -94-

449 669 538 735 tione
561 669 728 755 indigeant
751 689 788 732 ac
810 668 1031 734 instrumentis
1055 667 1096 732 ad
1119 688 1225 732 sacras
1248 665 1429 732 functiones
1451 664 1636 732 necessariis
1666 665 1731 730 sint

449 794 643 862 sufficienter
665 793 850 872 instructae,
874 815 916 858 an
937 813 1040 858 novae
1063 791 1271 858 aedificentur
1293 791 1413 875 absque
1428 791 1503 856 dote
1523 793 1556 856 et
1579 790 1732 877 Episcopi

449 920 590 998 licentia,
607 941 648 984 sn
663 917 780 983 altaria
795 917 936 983 habeant
951 918 1077 982 iconem
1099 937 1233 996 sacram,
1248 915 1389 1001 lapidem
1404 938 1530 982 sacrum
1546 920 1732 1001 coopertum

449 1043 516 1110 tela
538 1048 656 1124 cerata,
688 1042 750 1108 duo
773 1042 889 1110 uicem
919 1041 1111 1108 candelabra
1138 1064 1211 1108 cnm
1232 1043 1375 1128 imagine
1398 1041 1559 1122 crucifixi,
1590 1064 1732 1108 mensam

448 1169 553 1236 tribus
574 1169 702 1254 mappis
726 1167 807 1234 albis
824 1171 1022 1252 coopertam,
1035 1189 1170 1252 quarum
1182 1168 1326 1253 superior
1338 1189 1377 1232 ex
1392 1171 1528 1253 utroque
1543 1167 1644 1234 latere
1666 1167 1733 1234 fere

449 1294 492 1360 ad
522 1293 760 1379 suppedaneum
784 1292 963 1372 descendat,
987 1291 1126 1358 fulcrum
1148 1293 1295 1373 missalis,
1319 1291 1456 1358 tabellas
1478 1289 1561 1358 sacri
1585 1293 1733 1372 convivii,

451 1417 567 1503 psalmi
590 1417 719 1484 Lavabo
741 1421 775 1482 et
797 1416 968 1503 Evangelii
992 1415 1026 1482 S.
1049 1416 1189 1482 Ioannis.

540 1541 674 1626 Insuper
697 1540 731 1622 5)
754 1543 890 1606 metetis
919 1541 1113 1607 visitationis
1137 1547 1186 1607 est
1209 1540 1433 1622 Seminarium,
1456 1543 1541 1607 circa
1568 1541 1653 1628 quod
1682 1541 1733 1606 in-

450 1666 574 1751 quirere
598 1651 691 1732 debet
714 1665 892 1751 Episcopus
908 1689 949 1731 an
967 1665 1089 1732 alumni
1111 1666 1253 1733 habeant
1274 1668 1428 1752 requisita
1444 1689 1463 1732 a
1479 1667 1621 1734 Concilio
1645 1666 1733 1733 Trid.

451 1792 648 1876 praescripta
671 1790 754 1856 Sese.
777 1789 898 1872 XXIH,
923 1792 1001 1876 Cap.
1026 1789 1138 1858 XVIII
1163 1793 1201 1858 dc
1225 1791 1316 1876 Res,
1347 1814 1389 1856 an
1412 1791 1518 1858 adsint
1540 1791 1671 1878 regulae
1694 1791 1734 1858 ab

449 1917 490 1982 iis
513 1917 702 1994 servandae;
727 1917 782 2000 qui
805 1919 870 1982 sint
901 1917 1085 1982 eorumdem
1108 1937 1211 1983 mores
1235 1939 1272 1982 ac
1295 1918 1328 1983 iu
1351 1917 1464 1984 studiis
1487 1917 1668 2002 profectus,
1693 1939 1735 1982 an

450 2043 561 2108 diebus
591 2041 682 2107 festis
709 2041 870 2108 Ecclesiae
899 2041 1084 2108 cathedrali
1109 2042 1340 2120 interveniant;
1364 2065 1406 2108 an
1429 2043 1534 2108 adsint
1557 2043 1676 2108 Rector
1701 2046 1735 2108 et

449 2169 602 2256 Magistri
625 2172 659 2234 et
681 2167 840 2252 quomodo
856 2189 889 2232 se
905 2171 1034 2253 gerant3
1061 2190 1102 2232 an
1127 2167 1233 2234 adsint
1256 2167 1402 2252 deputati
1425 2169 1465 2232 ad
1487 2168 1626 2233 formam
1649 2169 1734 2236 Con·

450 2294 518 2359 cilii
550 2292 654 2372 electi,
684 2291 806 2357 scilicet
836 2292 899 2356 duo
930 2292 968 2357 de
1001 2291 1151 2376 Capitulo
1183 2293 1380 2377 totidemque
1411 2293 1449 2359 de
1476 2293 1578 2374 Glero,
1603 2315 1683 2359 unus
1715 2315 1735 2358 a

451 2417 602 2504 Capitulo
629 2417 699 2501 ipso
722 2415 804 2484 alter
824 2416 865 2481 ab
881 2415 1054 2502 Episcopo,
1071 2417 1213 2502 itemque
1236 2441 1317 2484 uuus
1334 2440 1353 2482 a
1369 2417 1460 2485 Olera
1484 2417 1567 2484 altet
1589 2419 1629 2484 ab
1653 2418 1734 2504 Epi·

449 2565 547 2628 scopo
571 2542 750 2629 eligendus3
775 2563 817 2606 an
839 2541 980 2608 redditus
1004 2541 1174 2608 Seminarii
1197 2543 1334 2610 fideliter
1356 2543 1628 2610 administrentur.

541 2666 686 2752 Denique
710 2665 743 2747 6)
768 2667 903 2732 materia
923 2667 1119 2734 visitationis
1142 2675 1218 2735 sunt
1244 2669 1418 2755 hospitalia
1448 2675 1481 2736 et
1511 2670 1595 2734 circa
1625 2691 1664 2736 ea
1685 2670 1734 2735 in·

451 2793 557 2879 quiret
579 2791 758 2876 Episcopus
781 2813 822 2856 an
845 2791 1025 2878 legitimam
1055 2793 1196 2859 habeant
1227 2795 1417 2862 erectionem
1450 2817 1585 2880 suasque
1616 2794 1735 2861 consti·

451 2919 602 2995 tutiones,
635 2939 676 2980 an
706 2937 761 2981 eae
791 2921 966 2995 serventur,
999 2939 1079 3002 quae
1102 2919 1145 2983 sit
1176 2919 1357 2985 reddituum
1380 2921 1616 2986 administratio
1646 2919 1734 2986 cuius

451 3043 592 3108 rationes
614 3040 803 3125 repetendae
827 3041 957 3106 omniuo
979 3045 1065 3106 sunt.

543 3169 573 3230 2.
598 3165 649 3230 nd
672 3165 807 3231 alteram
831 3166 1049 3250 quaestionem
1072 3166 1157 3250 quod
1183 3167 1311 3248 attinet,
1335 3167 1457 3233 scilicet
1479 3168 1520 3232 ad
1543 3169 1674 3232 modum
1697 3191 1735 3233 ac

451 3295 578 3376 tempus
601 3291 805 3370 visitationis,
829 3291 861 3356 id
885 3313 960 3376 prae
987 3291 1099 3356 ceteris
1127 3295 1241 3356 cavent
1267 3313 1414 3373 canones,
1441 3297 1478 3358 ut
1505 3292 1674 3380 diligentia
1701 3297 1734 3357 et

451 3417 597 3501 aequitas
620 3419 771 3482 servetur.
795 3414 908 3500 Itaque
939 3415 1044 3499 quoad
1075 3419 1212 3500 tempus,
1240 3417 1384 3484 visitatio
1415 3418 1596 3503 quotannis,
1621 3421 1678 3483 aut
1708 3417 1736 3484 si

450 3541 602 3608 dioecesis
626 3541 763 3626 amplior
793 3541 846 3620 sit,
877 3539 1021 3625 quolibet
1043 3541 1172 3606 biennio
1195 3543 1378 3609 renovanda
1408 3544 1538 3609 omnino
1561 3547 1621 3622 cst,
1645 3543 1735 3610 Cone.

450 3668 542 3734 Tem.
566 3666 648 3734 Sese.
670 3665 789 3745 XXIV,
815 3667 892 3752 Cap.
908 3665 957 3733 III
979 3669 1018 3734 dc
1042 3667 1115 3752 Res.
1137 3667 1237 3735 Nulla
1260 3674 1369 3736 tamen
1391 3692 1494 3755 poena
1516 3670 1550 3735 in
1573 3663 1735 3736 Ecclesiae

450 3797 582 3858 externo
598 3791 668 3856 foro
684 3795 872 3856 statutaest
888 3793 1001 3871 ineos,
1018 3793 1072 3876 qui
1096 3815 1167 3858 eam
1189 3799 1275 3858 stato
1299 3799 1441 3877 tcmpore
1464 3795 1734 3877 praetermittant.

453 3915 663 4000 Frequentius
687 3921 794 3980 aumm
817 3917 928 3982 haberi
952 3920 1069 4000 potest,
1093 3917 1148 3982 sed
1171 3919 1316 4000 expensis
1339 3917 1468 3982 minime
1492 3919 1647 4002 repetitis.
1670 3919 1735 3984 Br-

452 4061 521 4104 van.
544 4037 632 4116 XIV,
656 4041 695 4104 dc
717 4037 795 4123 Syn.
818 4039 855 4104 L.
880 4063 908 4104 x.
932 4040 1009 4124 Gap.
1036 4040 1087 4104 10.

544 4161 656 4239 Quoad
679 4163 809 4229 modum
832 4167 978 4247 respectu
1000 4185 1154 4247 personae
1178 4161 1349 4244 visitantis,
1373 4165 1442 4232 fieri
1465 4189 1503 4232 ea
1526 4169 1619 4234 debet
1631 4191 1689 4255 per
1703 4193 1736 4236 se

453 4288 495 4353 ab
518 4287 589 4372 ipso
619 4287 799 4374 Episcop03
833 4293 866 4353 et
889 4287 915 4352 si
940 4285 1084 4372 legitime
1117 4287 1288 4371 impeditus
1310 4290 1364 4370 sit,
1387 4313 1444 4376 per
1466 4292 1558 4374 alios,
1581 4295 1636 4360 sed
1658 4315 1736 4362 con-

452 4411 604 4478 scientiae
627 4412 726 4495 ipsius
751 4411 903 4495 Episcopi
926 4410 1057 4494 reliquit
1074 4410 1170 4476 Gonc.
1195 4410 1281 4478 Trid.
1297 4415 1435 4482 iudicare
1451 4439 1492 4482 an
1508 4418 1736 4503 impedimenta

452 4539 519 4603 sint
541 4535 688 4622 legitima
710 4536 761 4600 vel
784 4557 858 4598 non.
876 4535 1036 4620 Respecto
1060 4537 1232 4604 comitatus
1248 4539 1419 4623 visitantis,
1431 4543 1576 4610 facienda
1592 4549 1640 4612 est
1656 4569 1737 4611 non·

437 4661 553 4726 ‘nullis
577 4659 731 4726 adhibitis
754 4659 931 4740 adiutoriis,
955 4660 1082 4726 etiamsi
1109 4662 1287 4750 Episcopus
1311 4668 1406 4734 adid
1428 4692 1493 4736 non
1522 4675 1670 4739 teneatur
1697 4695 1736 4739 ex

453 4783 560 4868 rigore
592 4785 680 4864 iuris,
704 4785 875 4850 dummodo
899 4787 966 4871 ipse
989 4788 1113 4871 parsit
1136 4789 1176 4854 ad
1199 4813 1329 4858 munera
1355 4793 1548 4862 visitationis
1579 4798 1735 4865 obeunda.
