3872 5694
751 527 892 580 ..97-

272 705 348 770 Post
378 705 597 772 visitationem
626 707 776 771 tenentur
807 705 960 790 Episcopi
983 725 1093 770 curare
1117 708 1154 770 ut
1177 723 1259 788 quae
1289 703 1466 770 constituta

185 834 257 896 sunt
279 849 351 895 vere
375 829 415 895 sd
439 829 588 896 effectum
610 829 833 915 perducantur.
857 829 972 896 Basso.
996 827 1074 894 XIV
1098 828 1207 896 Const.
1236 827 1298 896 Ubi
1320 829 1464 913 primurn

183 959 202 1021 3
225 955 291 1021 dec.
317 957 413 1020 1740.

437 1205 539 1286 §Vl
555 1241 594 1252 —
608 1204 664 1270 Da
688 1205 926 1270 Vrsrrnmonu
951 1221 997 1270 ss.
1023 1204 1199 1268 L1u1suu.

261 1454 417 1520 Visitatio
441 1478 482 1520 ss.
506 1455 653 1520 liminum
687 1454 721 1518 in
744 1475 782 1520 eo
806 1453 952 1520 consistit
977 1457 1015 1518 ut
1038 1451 1158 1540 singuli
1192 1451 1346 1536 Episcopi
1373 1455 1461 1516 certo

176 1599 300 1662 quoque
324 1583 469 1663 tempore
491 1579 673 1644 Romanurn
696 1577 887 1644 Pontificem
907 1583 1074 1662 tamqnam
1096 1599 1279 1662 supremum
1296 1576 1460 1642 Ecclesiae

176 1707 317 1768 centrum
341 1709 375 1769 et
395 1708 493 1789 capnt
516 1705 604 1770 adire
627 1707 807 1783 teneantur,
830 1705 923 1788 eique
946 1703 1110 1770 Ecclesiae
1133 1725 1208 1768 suae
1232 1706 1355 1768 statum
1381 1723 1459 1786 ape-

174 1829 242 1893 rire.
266 1827 376 1894 errus
390 1828 422 1895 V
438 1829 547 1895 Consi.
573 1827 740 1896 Romam
766 1827 915 1912 Pontifex
937 1829 969 1894 d.
986 1830 1028 1894 20
1045 1828 1111 1896 dec.
1131 1829 1227 1896 1585.
1243 1827 1359 1894 Barcen.
1380 1825 1459 1892 XIV

174 1953 280 2018 Gonst.
301 1954 397 2036 ‘Quod
418 1957 530 2020 sancta
553 1955 595 2019 25
616 1975 690 2018 nov.
715 1955 811 2018 1740.
835 1952 884 2018 De
899 1953 961 2018 hac
977 1953 1160 2022 visitatione
1186 1952 1248 2018 duo
1277 1951 1459 2036 quaerenda

173 2083 257 2158 sunt,
281 2077 403 2143 scilicet
424 2077 538 2144 modus
562 2081 595 2142 et
617 2081 754 2162 tempus.

259 2202 370 2280 Quoad
392 2203 533 2282 modum,
549 2203 702 2288 Episcopi
725 2203 787 2267 hoc
810 2201 915 2268 officio
938 2223 995 2287 per
1018 2223 1052 2267 se
1068 2201 1162 2288 fungi
1185 2201 1313 2267 debent.
1330 2200 1456 2266 sivero
1476 2185 1478 2189 ¹

30 2287 32 2404 l
170 2327 346 2414 Episcopus
363 2328 579 2394 coadiutorem
596 2327 725 2407 habeat,
741 2327 820 2393 satis
836 2331 885 2394 est
908 2331 945 2393 nt
960 2327 1012 2392 vel
1034 2315 1103 2413 ipse
1119 2327 1171 2392 vel
1187 2327 1355 2393 coadiutor
1369 2325 1457 2392 illius

30 2529 31 2534 ἵ
170 2454 296 2520 nomine
319 2453 538 2520 visitationem
569 2453 697 2537 expleat
728 2457 761 2517 et
783 2452 973 2519 relationem
1005 2457 1110 2520 status
1134 2452 1315 2518 dioeceseos
1338 2473 1456 2537 suppe-

30 2623 31 2628 κ
169 2577 255 2644 ditet.
282 2578 398 2644 Barac.
422 2577 500 2644 XIV
523 2578 632 2646 (louet.
650 2579 704 2643 eit.
729 2577 878 2644 Ceterum
899 2577 1116 2642 intercedente
1139 2577 1379 2661 impedimento,
1395 2597 1454 2660 po·

170 2703 242 2768 terit
257 2703 439 2788 Episcopus
461 2703 537 2769 huic
560 2703 649 2769 oneri
664 2701 849 2768 satisfacere
871 2723 929 2787 per
951 2706 1192 2796 procuratorem
1208 2699 1327 2785 duplici
1342 2705 1451 2784 tamen

166 2828 220 2893 snb
236 2829 432 2907 conditione,
448 2851 503 2894 seu
519 2833 555 2895 ut
571 2829 598 2894 is
621 2827 753 2914 spe'ciali
775 2827 928 2892 mandato
951 2827 1125 2891 instructus
1141 2825 1194 2906 ait,
1212 2828 1244 2890 et
1267 2827 1304 2889 ut
1325 2845 1363 2888 ex
1379 2824 1450 2908 ipsa

166 2951 299 3020 dioecesi
315 2953 474 3020 mittatur.
490 2953 685 3020 Procurator
699 2952 778 3038 ipse,
794 2953 914 3037 poterit
930 2973 997 3018 esse
1012 2973 1030 3016 e
1046 2951 1130 3018 clero
1146 2949 1288 3036 regulari
1299 2948 1404 3014 solum
1416 2949 1450 3014 in

165 3077 344 3143 deficientia
374 3077 450 3142 cleri
473 3078 644 3144 saecularis
668 3097 768 3162 eaque
791 3076 971 3142 deficientia
998 3075 1145 3161 probata.
1169 3075 1285 3142 Basso.
1309 3073 1389 3139 XIV
1412 3073 1450 3140 de

163 3199 279 3286 Syma.
312 3202 349 3267 L.
383 3203 434 3282 13,
468 3203 545 3288 Cap.
579 3205 608 3268 6.
642 3201 704 3268 Sed
727 3223 811 3268 nunc
833 3201 1052 3290 indulgentior
1075 3206 1125 3267 est
1148 3199 1219 3266 Sao.
1244 3199 1361 3285 Congu.
1385 3198 1447 3264 hac

159 3325 190 3391 in
211 3349 254 3392 re.
286 3327 440 3414 Episcopi
465 3328 613 3393 titulares
638 3328 672 3392 in
698 3327 843 3414 partibus
870 3327 1048 3394 infidelium
1073 3326 1247 3392 residentes
1279 3330 1443 3408 tamquam

159 3447 279 3517 Vicarii
301 3452 492 3537 Apostolici‚
509 3452 642 3536 implere
665 3452 862 3538 praedictam
886 3453 994 3518 Const.
1015 3450 1099 3518 erm
1114 3450 1155 3530 V,
1174 3450 1202 3516 si
1225 3449 1443 3516 visitationem

161 3576 309 3660 expleant
331 3599 388 3663 per
418 3578 663 3643 Procuratorem
693 3578 726 3642 in
757 3578 834 3642 urbe
862 3577 1063 3655 existentem,
1088 3574 1284 3639 declaratum
1310 3577 1359 3636 est
1384 3593 1443 3656 per

161 3697 287 3768 Sacram
312 3702 429 3790 Congr.
454 3702 524 3768 Fid.
547 3701 644 3788 Prop.
670 3723 777 3767 coram
799 3699 925 3767 Uunruo
948 3698 1028 3765 VIII
1052 3698 1102 3764 die
1127 3699 1169 3762 28
1192 3696 1262 3762 iulii
1289 3697 1385 3759 1626.

244 3827 386 3912 Tempus
421 3830 511 3894 iuxta
534 3831 744 3894 memoratam
775 3825 1045 3892 constitutionem
1077 3821 1361 3888 S1rr1Vvarium
1392 3823 1442 3885 est

159 3972 212 4033 pro
236 3953 327 4018 varia
350 3953 583 4038 Episcopornm
606 3953 769 4031 distentia,
785 3951 935 4016 nimirum
956 3971 1014 4034 pro
1039 3947 1135 4013 Italia
1158 3949 1191 4012 et
1214 3945 1325 4010 insulis
1349 3944 1439 4009 adia-

157 4077 299 4144 centibus
314 4079 498 4157 trienninm,
514 4099 572 4164 pro
596 4077 780 4164 regionibus
797 4077 877 4141 citra
892 4097 980 4140 mare
996 4073 1215 4161 germanicum
1236 4075 1268 4136 et
1284 4069 1438 4136 balticum

158 4202 408 4284 quadriennium,
432 4226 490 4288 pro
513 4203 644 4287 reliquis
668 4202 816 4286 Europae
841 4199 1024 4286 regionibns
1059 4202 1092 4262 et
1118 4219 1177 4282 pro
1201 4195 1312 4260 Africa
1345 4194 1439 4278 quin-

158 4329 339 4410 quennium,
370 4351 429 4415 pro
465 4327 597 4412 reliquis
629 4327 825 4394 decennium.
850 4325 982 4391 Initium
1011 4324 1210 4390 triennorum
1241 4320 1438 4402 aliarumque

157 4452 357 4534 periodorum
381 4454 609 4519 desumendum
633 4457 682 4518 est
705 4474 763 4536 pro
787 4451 909 4517 cunctis
932 4449 1112 4535 promiscue
1139 4445 1308 4530 Episcopis
1331 4465 1396 4507 non
1420 4465 1439 4506 a

159 4576 206 4642 die
222 4600 285 4662 quo
308 4579 370 4664 ipsi
393 4579 428 4644 in
452 4578 648 4644 Consistorio
672 4577 847 4642 renuntiati
871 4579 946 4640 sunt
969 4575 1009 4639 ad
1025 4574 1132 4639 sedem
1156 4567 1371 4655 episcopalem
1386 4565 1437 4630 vel

159 4699 297 4768 eiusdem
330 4705 561 4788 possessionem
586 4685 792 4787 susceperint,
816 4701 871 4766 sed
898 4723 917 4764 a
940 4701 990 4765 die
1014 4699 1057 4764 20
1081 4697 1147 4761 dec.
1179 4695 1275 4772 1585,
1300 4713 1362 4776 quo
1387 4691 1437 4756 die

158 4825 350 4894 Constitutio
366 4828 485 4894 sixtina
508 4815 594 4893 edita
614 4831 672 4893 est.
689 4825 724 4893 Si
748 4825 862 4910 aliquis
878 4825 1057 4910 Episcopus
1080 4818 1222 4906 postulet
1244 4821 1281 4883 ut
1296 4815 1436 4902 spatium

1312 4960 1328 5016 7
