3872 5694
803 486 945 540 -95-

231 665 404 733 Adiutores
426 669 544 746 autem,
567 669 695 752 praeter
723 645 959 731 notarinmvel
982 665 1187 732 secretarium
1217 665 1422 744 visitationis,
1446 687 1514 732 esse

231 791 336 858 solent
351 791 414 858 dno
429 791 673 856 convisitatores
692 791 759 858 sive
774 813 814 856 ex
829 789 978 876 capitulo
992 789 1204 870 Cathedralis,
1219 791 1285 856 sive
1302 794 1393 856 extra
1409 790 1514 856 electi.

232 915 391 982 Erasinus
406 915 441 980 in
457 915 535 1002 Gap.
552 917 594 981 20
609 915 647 982 de
663 916 780 982 censib.
796 938 828 980 n.
846 915 877 982 8.
892 915 1033 982 Possunt
1047 938 1114 982 esse
1130 915 1228 982 etiam
1244 938 1283 981 ex
1299 915 1407 982 ordine
1423 937 1515 1002 regu-

229 1041 304 1122 lari,
327 1042 500 1108 dummodo
522 1041 700 1126 presbyteri
722 1040 775 1106 vel
797 1035 923 1106 diaconi
945 1041 1022 1106 sint.
1038 1040 1221 1126 Aliquando
1245 1040 1351 1106 solent
1368 1037 1514 1111 nonnulli

231 1167 472 1232 concionatores
500 1167 607 1232 afferri
632 1167 698 1232 sive
724 1167 927 1232 missionarii.
943 1166 1060 1231 Basra.
1081 1165 1169 1234 XIV.
1183 1167 1292 1234 Oonst.
1320 1166 1515 1232 Firmoadis

232 1293 275 1356 28
290 1295 356 1390 oct.
375 1292 471 1357 1744.
488 1289 647 1356 Facienda
662 1294 712 1357 est
726 1291 856 1376 insuper
871 1313 943 1356 cum
967 1291 1112 1357 modesto
1139 1291 1286 1376 equitatu
1302 1312 1340 1356 ac
1354 1290 1514 1356 famulatu

233 1417 290 1500 qui
312 1414 465 1501 Episcopi
488 1415 677 1500 prudentiae
700 1416 896 1482 definiendus
918 1415 1119 1502 relinquitur.
1137 1417 1297 1502 Respectu
1320 1416 1420 1502 ipsius
1436 1415 1515 1481 visi·

231 1539 365 1606 tationis
388 1539 458 1606 fieri
481 1563 520 1605 ea
543 1540 637 1608 debet
659 1541 860 1626 praemonito
883 1563 941 1626 per
963 1541 1103 1607 edictum
1116 1542 1166 1608 die
1182 1564 1246 1627 qno
1269 1563 1339 1606 earn
1363 1540 1515 1606 inchoare

231 1666 295 1731 sibi
316 1670 477 1751 proponat
499 1665 689 1752 Episcopus,
719 1665 781 1732 nisi
804 1667 833 1731 ei
856 1689 896 1731 ex
919 1667 1004 1732 iusta
1026 1671 1060 1732 et
1081 1665 1273 1754 gravissima
1299 1689 1395 1732 causa
1425 1687 1515 1732 secus

232 1791 389 1856 rideatur.
412 1790 584 1856 Praeterea
606 1813 703 1876 quam
724 1792 911 1858 brevissimo
935 1797 1079 1878 tempore
1102 1791 1225 1856 absolvi
1242 1791 1346 1872 debet,
1363 1791 1448 1876 qnod
1464 1795 1514 1856 ta·

231 1939 305 1982 men
328 1917 515 2001 prudentiae
539 1917 692 2002 Episcopi
715 1917 917 2002 relinquitur.
940 1917 991 1983 Ea
1015 1939 1089 1984 vero
1112 1917 1274 2004 gravitate
1297 1921 1331 1982 et
1345 1917 1514 1994 modestia,

233 2045 273 2106 ut
295 2041 321 2106 si
343 2041 492 2108 visitator
512 2041 721 2127 prohibeatur
733 2043 802 2128 (qui
826 2043 954 2128 quidem
977 2065 1016 2108 ne
1039 2047 1077 2108 ut
1099 2047 1265 2127 suspectus
1288 2042 1417 2128 quidem
1441 2041 1514 2120 nisi,

234 2165 426 2232 iudicialiter
448 2167 649 2252 procedatur,
666 2167 828 2253 prohiberi
845 2167 977 2254 potest),
993 2167 1078 2234 fores
1093 2189 1158 2234 non
1174 2167 1283 2233 iubeat
1299 2166 1436 2252 effringi,
1453 2167 1515 2234 etsi

231 2313 357 2358 summo
379 2291 447 2357 iure
470 2293 583 2376 possit,
606 2293 661 2358 sed
684 2293 792 2377 potius
815 2293 955 2359 censuris
977 2297 1099 2359 utatur.
1122 2292 1269 2376 Denique
1288 2279 1415 2358 decreta
1430 2291 1515 2357 eius-

233 2415 306 2481 dem
328 2415 439 2482 referri
462 2416 578 2482 debent
599 2437 658 2502 per
680 2417 841 2484 notarium
865 2417 914 2484 vel
937 2439 995 2503 per
1026 2417 1220 2483 visitationis
1252 2416 1459 2482 secretarium
1482 2417 1514 2481 in

231 2539 326 2606 libro.

322 2667 354 2730 3.
378 2665 430 2730 Ad
453 2667 583 2732 tertiam
611 2667 828 2752 quaestionem
851 2689 906 2732 seu
921 2667 961 2732 ad
978 2688 1131 2750 expensas
1158 2666 1353 2731 visitationis
1380 2686 1514 2750 progre-

230 2791 364 2871 dientes,
381 2795 543 2872 notamus,
560 2791 644 2875 quod
660 2792 708 2857 ius
732 2813 785 2856 aas
801 2791 950 2878 exigendi
967 2791 1155 2874 procuratio
1172 2791 1297 2855 dicitur.
1322 2789 1412 2854 Haec
1427 2793 1513 2854 recte

233 2916 435 2982 definiturius
451 2917 626 2982 visitatoris
642 2917 791 3003 exigendi
806 2916 972 2982 moderata
987 2915 1144 2981 victuaria
1160 2915 1201 2980 ab
1216 2915 1256 2980 iis
1272 2915 1326 3000 qui
1342 2915 1515 2980 visitantur

232 3063 337 3125 neque
351 3041 496 3128 legitime
513 3042 636 3126 excepti
652 3045 737 3122 sunt,
753 3063 812 3127 pro
828 3041 1019 3106 necessitate
1035 3041 1189 3125 temporis
1205 3040 1409 3106 visitationis.
1421 3037 1515 3104 Unde

230 3166 393 3251 sequitur:
410 3165 444 3252 a)
458 3189 498 3232 ex
513 3187 551 3232 eo
568 3166 652 3251 quod
674 3167 723 3232 ius
746 3168 789 3232 sit
812 3166 999 3247 visitatoris,
1016 3167 1273 3251 procurationem
1292 3165 1322 3230 ei
1337 3164 1446 3230 deberi
1460 3165 1515 3250 qui

229 3291 344 3358 visitat
365 3292 507 3376 adeoque
530 3291 690 3378 delegato,
713 3313 778 3357 non
801 3313 876 3358 vero
899 3291 1071 3376 Episcopo,
1084 3291 1111 3356 si
1126 3312 1185 3376 per
1200 3289 1385 3377 delegatum
1400 3289 1514 3355 visita·

231 3417 356 3482 tionem
378 3416 488 3496 faciat,
512 3415 672 3482 Erorrrus
695 3418 729 3481 in
752 3417 830 3502 Cap.
855 3419 898 3482 23
922 3416 960 3480 de
983 3438 1083 3494 cens.;
1106 3417 1141 3502 b)
1165 3415 1336 3482 condonari
1360 3419 1516 3500 perpetuo

231 3543 492 3626 procurationem
523 3563 594 3608 oum
626 3541 814 3608 succmoris
844 3541 1036 3606 detrimento
1063 3562 1127 3605 non
1159 3561 1262 3624 posse.
1295 3538 1406 3602 Exeo
1430 3537 1516 3620 quod

231 3667 401 3732 moderata
422 3667 579 3733 victuaria
606 3689 673 3734 esse
701 3667 838 3733 debeant
866 3667 1027 3751 sequitur:
1051 3666 1083 3752 c)
1110 3665 1193 3730 nihil
1215 3665 1301 3729 ultra
1324 3661 1515 3748 exigendum

234 3814 307 3858 esse
329 3796 457 3878 praeter
489 3793 619 3860 domum
643 3815 680 3858 ac
702 3793 824 3858 victum
846 3813 904 3877 pro
928 3813 971 3872 se,
997 3812 1054 3876 pro
1076 3791 1142 3856 suis
1169 3794 1201 3854 et
1225 3789 1331 3873 equis,
1355 3783 1515 3852 Ercuruus

232 3917 259 3982 l.
277 3939 320 3994 c.;
337 3917 374 4002 d)
391 3940 449 4003 pro
473 3918 633 4005 dignitate
649 3917 811 3984 visitantis
826 3917 1092 4002 suppeditandum
1109 3937 1186 3996 esse,
1205 3914 1347 3998 adeoque
1362 3911 1516 3996 Episcopi

237 4041 389 4129 delegato
405 4043 456 4108 vel
471 4043 601 4110 Vicario
617 4043 793 4128 Capitulari
811 4041 942 4108 dimidio
959 4042 1114 4108 minorem
1129 4041 1200 4125 ipso
1216 4039 1393 4124 Episcop03
1410 4036 1441 4121 e)
1459 4057 1517 4121 op·

232 4166 359 4234 tionem
381 4169 450 4234 dari
473 4170 512 4234 iis
528 4170 583 4253 qui
605 4169 777 4236 visitantur
799 4167 1001 4234 ministrandi
1016 4167 1069 4232 vel
1090 4165 1247 4232 victuaria
1262 4163 1313 4230 vel
1328 4161 1517 4249 poecuniam

235 4312 334 4374 qnam
358 4296 453 4358 antea
476 4293 560 4359 forte
583 4294 818 4370 consueverint3
840 4293 871 4376 f)
890 4289 1078 4377 particulari
1101 4289 1234 4356 alicuius
1265 4287 1414 4355 ecclesiae
1439 4307 1516 4352 con·

234 4415 404 4482 suetudine
427 4418 685 4502 procurationem
708 4441 772 4483 non
795 4441 888 4503 posse
907 4417 1093 4504 praescribi,
1109 4417 1169 4481 etsi
1186 4414 1380 4481 consuetudo
1396 4411 1440 4476 sit
1454 4410 1517 4474 irn-

239 4541 466 4622 memorabilis,
476 4565 516 4608 ne
532 4545 646 4610 ceteris
660 4565 740 4608 onus
756 4547 924 4609 accrescat.
942 4543 1061 4610 Contra
1076 4563 1151 4606 vero
1168 4539 1336 4605 dicendum
1351 4537 1379 4602 si
1400 4538 1517 4622 agatur

237 4664 278 4730 de
310 4667 537 4733 consuetudine
569 4667 712 4754 generali
741 4667 876 4734 alicuius
904 4667 966 4733 loci
994 4689 1050 4734 seu
1081 4664 1273 4750 provinciae.
1307 4663 1397 4730 (toro.
1427 4657 1527 4724 Turn.

238 4787 322 4856 Seas.
338 4789 457 4872 XXIV,
479 4793 556 4877 Cap.
572 4791 621 4858 ΙΠ
637 4795 675 4859 de
703 4792 775 4876 Ref.
800 4793 851 4858 Ex
873 4814 911 4858 eo
935 4793 1019 4876 quod
1043 4791 1196 4857 debeatur
1219 4788 1304 4873 quod
1326 4809 1385 4872 pro
1408 4808 1518 4852 neces·
