<?xml version="1.0" encoding="UTF-8"?>
<!DOCTYPE html PUBLIC "-//W3C//DTD XHTML 1.0 Transitional//EN"
    "http://www.w3.org/TR/xhtml1/DTD/xhtml1-transitional.dtd">
<html xmlns="http://www.w3.org/1999/xhtml" xml:lang="en" lang="en">
 <head>
  <title>
</title>
<meta http-equiv="Content-Type" content="text/html;charset=utf-8" />
  <meta name='ocr-system' content='tesseract 3.04.00' />
  <meta name='ocr-capabilities' content='ocr_page ocr_carea ocr_par ocr_line ocrx_word'/>
</head>
<body>
  <div class='ocr_page' id='page_1' title='image "apparatusjurise00zitegoog_0098.png"; bbox 0 0 3872 5694; ppageno 0'>
   <div class='ocr_carea' id='block_1_1' title="bbox 797 537 939 592">
    <p class='ocr_par' dir='ltr' id='par_1_1' title="bbox 797 537 939 592">
     <span class='ocr_line' id='line_1_1' title="bbox 797 537 939 592; baseline 0.014 -18"><span class='ocrx_word' id='word_1_1' title='bbox 797 537 939 592; x_wconf 73' lang='grc'>..89-</span> 
     </span>
    </p>
   </div>
   <div class='ocr_carea' id='block_1_2' title="bbox 224 713 1511 929">
    <p class='ocr_par' dir='ltr' id='par_1_2' title="bbox 224 713 1511 929">
     <span class='ocr_line' id='line_1_2' title="bbox 314 713 1511 826; baseline 0.009 -46"><span class='ocrx_word' id='word_1_2' title='bbox 314 715 343 780; x_wconf 93' lang='grc'><strong>1.</strong></span> <span class='ocrx_word' id='word_1_3' title='bbox 367 713 420 780; x_wconf 81' lang='lat' dir='ltr'><strong>Ad</strong></span> <span class='ocrx_word' id='word_1_4' title='bbox 442 715 581 800; x_wconf 92' lang='lat' dir='ltr'><strong>primum</strong></span> <span class='ocrx_word' id='word_1_5' title='bbox 597 715 682 826; x_wconf 74' lang='lat' dir='ltr'><strong>puod</strong></span> <span class='ocrx_word' id='word_1_6' title='bbox 698 716 826 798; x_wconf 86' lang='lat' dir='ltr'><strong>attinet,</strong></span> <span class='ocrx_word' id='word_1_7' title='bbox 844 716 1021 784; x_wconf 87' lang='lat' dir='ltr'><strong>Concilium</strong></span> <span class='ocrx_word' id='word_1_8' title='bbox 1039 718 1273 802; x_wconf 81' lang='lat' dir='ltr'><strong>Tridentinum,</strong></span> <span class='ocrx_word' id='word_1_9' title='bbox 1297 721 1381 789; x_wconf 87' lang='lat' dir='ltr'><strong>Sess.</strong></span> <span class='ocrx_word' id='word_1_10' title='bbox 1398 723 1511 792; x_wconf 84' lang='lat' dir='ltr'><strong>XXIV</strong></span> 
     </span>
     <span class='ocr_line' id='line_1_3' title="bbox 224 839 1508 929; baseline 0.009 -23"><span class='ocrx_word' id='word_1_11' title='bbox 224 840 301 925; x_wconf 89' lang='lat' dir='ltr'><strong>Cap.</strong></span> <span class='ocrx_word' id='word_1_12' title='bbox 324 839 374 906; x_wconf 93' lang='lat' dir='ltr'><strong>III</strong></span> <span class='ocrx_word' id='word_1_13' title='bbox 397 842 436 908; x_wconf 86' lang='lat' dir='ltr'><strong>de</strong></span> <span class='ocrx_word' id='word_1_14' title='bbox 459 839 542 924; x_wconf 67' lang='lat' dir='ltr'><strong>Refl,</strong></span> <span class='ocrx_word' id='word_1_15' title='bbox 567 841 708 908; x_wconf 88' lang='lat' dir='ltr'><strong>declarat</strong></span> <span class='ocrx_word' id='word_1_16' title='bbox 731 841 924 910; x_wconf 71' lang='lat' dir='ltr'><strong>visitationis</strong></span> <span class='ocrx_word' id='word_1_17' title='bbox 947 845 1154 929; x_wconf 89' lang='lat' dir='ltr'><strong>praecipuum</strong></span> <span class='ocrx_word' id='word_1_18' title='bbox 1177 847 1274 912; x_wconf 87' lang='lat' dir='ltr'><strong>finem</strong></span> <span class='ocrx_word' id='word_1_19' title='bbox 1298 870 1365 914; x_wconf 90' lang='lat' dir='ltr'><strong>esse</strong></span> <span class='ocrx_word' id='word_1_20' title='bbox 1396 872 1508 916; x_wconf 89' lang='lat' dir='ltr'><strong>sanam</strong></span> 
     </span>
    </p>
   </div>
   <div class='ocr_carea' id='block_1_3' title="bbox 178 965 1550 4918">
    <p class='ocr_par' dir='ltr' id='par_1_3' title="bbox 222 965 1508 1532">
     <span class='ocr_line' id='line_1_4' title="bbox 224 965 1508 1055; baseline 0.008 -23"><span class='ocrx_word' id='word_1_21' title='bbox 224 965 498 1050; x_wconf 77' lang='lat' dir='ltr'><strong>orthodoxamque</strong></span> <span class='ocrx_word' id='word_1_22' title='bbox 522 967 710 1048; x_wconf 89' lang='lat' dir='ltr'><strong>doctrinam,</strong></span> <span class='ocrx_word' id='word_1_23' title='bbox 734 969 873 1054; x_wconf 79' lang='lat' dir='ltr'><strong>expulsis</strong></span> <span class='ocrx_word' id='word_1_24' title='bbox 896 969 1091 1052; x_wconf 78' lang='lat' dir='ltr'><strong>haeresibus,</strong></span> <span class='ocrx_word' id='word_1_25' title='bbox 1107 972 1266 1055; x_wconf 87' lang='lat' dir='ltr'><strong>inducere,</strong></span> <span class='ocrx_word' id='word_1_26' title='bbox 1282 974 1383 1040; x_wconf 89' lang='lat' dir='ltr'><strong>honos</strong></span> <span class='ocrx_word' id='word_1_27' title='bbox 1403 999 1508 1042; x_wconf 89' lang='lat' dir='ltr'><strong>mores</strong></span> 
     </span>
     <span class='ocr_line' id='line_1_5' title="bbox 222 1092 1508 1178; baseline 0.009 -22"><span class='ocrx_word' id='word_1_28' title='bbox 222 1092 315 1170; x_wconf 87' lang='lat' dir='ltr'><strong>tueri,</strong></span> <span class='ocrx_word' id='word_1_29' title='bbox 338 1111 455 1176; x_wconf 86' lang='lat' dir='ltr'><strong>pravos</strong></span> <span class='ocrx_word' id='word_1_30' title='bbox 478 1093 648 1178; x_wconf 81' lang='lat' dir='ltr'><strong>corrigere,</strong></span> <span class='ocrx_word' id='word_1_31' title='bbox 671 1093 827 1178; x_wconf 86' lang='lat' dir='ltr'><strong>populum</strong></span> <span class='ocrx_word' id='word_1_32' title='bbox 853 1094 1128 1162; x_wconf 70' lang='lat' dir='ltr'><strong>cohortationibus</strong></span> <span class='ocrx_word' id='word_1_33' title='bbox 1152 1101 1185 1162; x_wconf 89' lang='lat' dir='ltr'><strong>et</strong></span> <span class='ocrx_word' id='word_1_34' title='bbox 1211 1099 1440 1166; x_wconf 85' lang='lat' dir='ltr'><strong>monitionibus</strong></span> <span class='ocrx_word' id='word_1_35' title='bbox 1467 1102 1508 1166; x_wconf 93' lang='lat' dir='ltr'><strong>ad</strong></span> 
     </span>
     <span class='ocr_line' id='line_1_6' title="bbox 222 1214 1507 1308; baseline 0.009 -29"><span class='ocrx_word' id='word_1_36' title='bbox 222 1214 422 1304; x_wconf 79' lang='lat' dir='ltr'><strong>religionem,</strong></span> <span class='ocrx_word' id='word_1_37' title='bbox 445 1237 558 1300; x_wconf 89' lang='lat' dir='ltr'><strong>pacem</strong></span> <span class='ocrx_word' id='word_1_38' title='bbox 580 1216 859 1303; x_wconf 88' lang='lat' dir='ltr'><strong>innocentiamque</strong></span> <span class='ocrx_word' id='word_1_39' title='bbox 884 1220 1063 1300; x_wconf 77' lang='lat' dir='ltr'><strong>accendere,</strong></span> <span class='ocrx_word' id='word_1_40' title='bbox 1088 1225 1266 1306; x_wconf 88' lang='lat' dir='ltr'><strong>ceteraque,</strong></span> <span class='ocrx_word' id='word_1_41' title='bbox 1289 1228 1386 1308; x_wconf 89' lang='lat' dir='ltr'><strong>prout</strong></span> <span class='ocrx_word' id='word_1_42' title='bbox 1408 1223 1507 1305; x_wconf 88' lang='lat' dir='ltr'><strong>locus,</strong></span> 
     </span>
     <span class='ocr_line' id='line_1_7' title="bbox 223 1341 1507 1429; baseline 0.009 -25"><span class='ocrx_word' id='word_1_43' title='bbox 223 1345 349 1425; x_wconf 88' lang='lat' dir='ltr'><strong>tempus</strong></span> <span class='ocrx_word' id='word_1_44' title='bbox 372 1345 406 1405; x_wconf 90' lang='lat' dir='ltr'><strong>et</strong></span> <span class='ocrx_word' id='word_1_45' title='bbox 429 1341 553 1406; x_wconf 83' lang='lat' dir='ltr'><strong>occasio</strong></span> <span class='ocrx_word' id='word_1_46' title='bbox 569 1341 661 1422; x_wconf 88' lang='lat' dir='ltr'><strong>feret,</strong></span> <span class='ocrx_word' id='word_1_47' title='bbox 678 1365 717 1407; x_wconf 83' lang='lat' dir='ltr'><strong>ex</strong></span> <span class='ocrx_word' id='word_1_48' title='bbox 733 1343 935 1410; x_wconf 83' lang='lat' dir='ltr'><strong>visitantium</strong></span> <span class='ocrx_word' id='word_1_49' title='bbox 951 1345 1131 1429; x_wconf 87' lang='lat' dir='ltr'><strong>prudentia,</strong></span> <span class='ocrx_word' id='word_1_50' title='bbox 1153 1347 1194 1412; x_wconf 91' lang='lat' dir='ltr'><strong>ad</strong></span> <span class='ocrx_word' id='word_1_51' title='bbox 1208 1347 1352 1414; x_wconf 89' lang='lat' dir='ltr'><strong>fidelium</strong></span> <span class='ocrx_word' id='word_1_52' title='bbox 1367 1349 1507 1416; x_wconf 88' lang='lat' dir='ltr'><strong>fructum</strong></span> 
     </span>
     <span class='ocr_line' id='line_1_8' title="bbox 222 1466 428 1532; baseline 0 -2"><span class='ocrx_word' id='word_1_53' title='bbox 222 1466 428 1532; x_wconf 86' lang='lat' dir='ltr'><strong>constituere.</strong></span> 
     </span>
    </p>

    <p class='ocr_par' dir='ltr' id='par_1_4' title="bbox 220 1591 1508 1932">
     <span class='ocr_line' id='line_1_9' title="bbox 310 1591 1508 1685; baseline 0.008 -30"><span class='ocrx_word' id='word_1_54' title='bbox 310 1591 369 1656; x_wconf 90' lang='lat' dir='ltr'><strong>Vis</strong></span> <span class='ocrx_word' id='word_1_55' title='bbox 392 1591 586 1657; x_wconf 86' lang='lat' dir='ltr'><strong>visitationis</strong></span> <span class='ocrx_word' id='word_1_56' title='bbox 608 1593 749 1678; x_wconf 88' lang='lat' dir='ltr'><strong>propria,</strong></span> <span class='ocrx_word' id='word_1_57' title='bbox 772 1617 829 1668; x_wconf 85' lang='lat' dir='ltr'><strong>seu</strong></span> <span class='ocrx_word' id='word_1_58' title='bbox 863 1594 1073 1662; x_wconf 89' lang='lat' dir='ltr'><strong>Decretorum</strong></span> <span class='ocrx_word' id='word_1_59' title='bbox 1108 1619 1190 1681; x_wconf 87' lang='lat' dir='ltr'><strong>quae</strong></span> <span class='ocrx_word' id='word_1_60' title='bbox 1219 1599 1254 1662; x_wconf 90' lang='lat' dir='ltr'><strong>in</strong></span> <span class='ocrx_word' id='word_1_61' title='bbox 1289 1620 1327 1663; x_wconf 88' lang='lat' dir='ltr'><strong>ea</strong></span> <span class='ocrx_word' id='word_1_62' title='bbox 1361 1601 1402 1664; x_wconf 92' lang='lat' dir='ltr'><strong>ab</strong></span> <span class='ocrx_word' id='word_1_63' title='bbox 1437 1600 1508 1685; x_wconf 89' lang='lat' dir='ltr'><strong>ipso</strong></span> 
     </span>
     <span class='ocr_line' id='line_1_10' title="bbox 221 1715 1508 1804; baseline 0.007 -24"><span class='ocrx_word' id='word_1_64' title='bbox 221 1715 384 1802; x_wconf 79' lang='lat' dir='ltr'><strong>Episcopo</strong></span> <span class='ocrx_word' id='word_1_65' title='bbox 400 1717 556 1796; x_wconf 81' lang='lat' dir='ltr'><strong>fenmtur,</strong></span> <span class='ocrx_word' id='word_1_66' title='bbox 580 1721 689 1784; x_wconf 91' lang='lat' dir='ltr'><strong>estut</strong></span> <span class='ocrx_word' id='word_1_67' title='bbox 712 1717 887 1804; x_wconf 88' lang='lat' dir='ltr'><strong>appellatio</strong></span> <span class='ocrx_word' id='word_1_68' title='bbox 910 1721 948 1786; x_wconf 80' lang='lat' dir='ltr'><strong>in</strong></span> <span class='ocrx_word' id='word_1_69' title='bbox 970 1723 1156 1804; x_wconf 71' lang='lat' dir='ltr'><strong>suspensivo</strong></span> <span class='ocrx_word' id='word_1_70' title='bbox 1171 1727 1284 1789; x_wconf 88' lang='lat' dir='ltr'><strong>contra</strong></span> <span class='ocrx_word' id='word_1_71' title='bbox 1308 1745 1346 1788; x_wconf 89' lang='lat' dir='ltr'><strong>ea</strong></span> <span class='ocrx_word' id='word_1_72' title='bbox 1369 1747 1433 1789; x_wconf 92' lang='lat' dir='ltr'><strong>non</strong></span> <span class='ocrx_word' id='word_1_73' title='bbox 1449 1724 1508 1790; x_wconf 91' lang='lat' dir='ltr'><strong>ad-</strong></span> 
     </span>
     <span class='ocr_line' id='line_1_11' title="bbox 220 1841 1508 1932; baseline 0.006 -26"><span class='ocrx_word' id='word_1_74' title='bbox 220 1843 382 1908; x_wconf 87' lang='lat' dir='ltr'><strong>mittatur.</strong></span> <span class='ocrx_word' id='word_1_75' title='bbox 403 1841 518 1906; x_wconf 77' lang='lat' dir='ltr'><strong>Busan.</strong></span> <span class='ocrx_word' id='word_1_76' title='bbox 535 1841 614 1908; x_wconf 89' lang='lat' dir='ltr'><strong>XlV</strong></span> <span class='ocrx_word' id='word_1_77' title='bbox 630 1843 738 1910; x_wconf 89' lang='lat' dir='ltr'><strong>Const.</strong></span> <span class='ocrx_word' id='word_1_78' title='bbox 758 1842 814 1910; x_wconf 80' lang='lat' dir='ltr'><strong>Aa</strong></span> <span class='ocrx_word' id='word_1_79' title='bbox 827 1845 1002 1910; x_wconf 79' lang='lat' dir='ltr'><strong>militantis.</strong></span> <span class='ocrx_word' id='word_1_80' title='bbox 1014 1845 1177 1914; x_wconf 82' lang='lat' dir='ltr'><strong>Ecclesiae</strong></span> <span class='ocrx_word' id='word_1_81' title='bbox 1193 1850 1224 1913; x_wconf 88' lang='lat'><strong>3.</strong></span> <span class='ocrx_word' id='word_1_82' title='bbox 1241 1847 1305 1912; x_wconf 89' lang='lat' dir='ltr'><strong>kal.</strong></span> <span class='ocrx_word' id='word_1_83' title='bbox 1323 1869 1391 1932; x_wconf 89' lang='lat' dir='ltr'><strong>apr.</strong></span> <span class='ocrx_word' id='word_1_84' title='bbox 1411 1850 1508 1914; x_wconf 83' lang='grc'><strong>1742.</strong></span> 
     </span>
    </p>

    <p class='ocr_par' dir='ltr' id='par_1_5' title="bbox 218 1965 1509 2656">
     <span class='ocr_line' id='line_1_12' title="bbox 300 1965 1508 2056; baseline 0.007 -26"><span class='ocrx_word' id='word_1_85' title='bbox 300 1965 424 2042; x_wconf 79' lang='lat' dir='ltr'><strong>&#39;Quoad</strong></span> <span class='ocrx_word' id='word_1_86' title='bbox 447 1967 616 2033; x_wconf 87' lang='lat' dir='ltr'><strong>materiam</strong></span> <span class='ocrx_word' id='word_1_87' title='bbox 638 1968 833 2034; x_wconf 85' lang='lat' dir='ltr'><strong>visitationis</strong></span> <span class='ocrx_word' id='word_1_88' title='bbox 850 1973 955 2034; x_wconf 92' lang='lat' dir='ltr'><strong>certus</strong></span> <span class='ocrx_word' id='word_1_89' title='bbox 970 1971 1187 2056; x_wconf 89' lang='lat' dir='ltr'><strong>immotusque</strong></span> <span class='ocrx_word' id='word_1_90' title='bbox 1203 1993 1304 2036; x_wconf 90' lang='lat' dir='ltr'><strong>canon</strong></span> <span class='ocrx_word' id='word_1_91' title='bbox 1322 1977 1381 2052; x_wconf 90' lang='lat' dir='ltr'><strong>est,</strong></span> <span class='ocrx_word' id='word_1_92' title='bbox 1398 1993 1508 2038; x_wconf 89' lang='lat' dir='ltr'><strong>omnes</strong></span> 
     </span>
     <span class='ocr_line' id='line_1_13' title="bbox 221 2091 1508 2178; baseline 0.007 -24"><span class='ocrx_word' id='word_1_93' title='bbox 221 2093 258 2154; x_wconf 90' lang='lat' dir='ltr'><strong>et</strong></span> <span class='ocrx_word' id='word_1_94' title='bbox 280 2091 422 2177; x_wconf 86' lang='lat' dir='ltr'><strong>singulas</strong></span> <span class='ocrx_word' id='word_1_95' title='bbox 445 2113 551 2158; x_wconf 88' lang='lat' dir='ltr'><strong>sacras</strong></span> <span class='ocrx_word' id='word_1_96' title='bbox 574 2114 725 2178; x_wconf 86' lang='lat' dir='ltr'><strong>personas</strong></span> <span class='ocrx_word' id='word_1_97' title='bbox 750 2097 783 2158; x_wconf 90' lang='lat' dir='ltr'><strong>et</strong></span> <span class='ocrx_word' id='word_1_98' title='bbox 805 2093 877 2158; x_wconf 90' lang='lat' dir='ltr'><strong>loca</strong></span> <span class='ocrx_word' id='word_1_99' title='bbox 900 2094 954 2178; x_wconf 91' lang='lat' dir='ltr'><strong>pia</strong></span> <span class='ocrx_word' id='word_1_100' title='bbox 977 2095 1063 2160; x_wconf 89' lang='lat' dir='ltr'><strong>intra</strong></span> <span class='ocrx_word' id='word_1_101' title='bbox 1077 2095 1240 2162; x_wconf 91' lang='lat' dir='ltr'><strong>Dioecesis</strong></span> <span class='ocrx_word' id='word_1_102' title='bbox 1256 2098 1414 2162; x_wconf 89' lang='lat' dir='ltr'><strong>ambitum</strong></span> <span class='ocrx_word' id='word_1_103' title='bbox 1430 2120 1508 2163; x_wconf 90' lang='lat' dir='ltr'><strong>con·</strong></span> 
     </span>
     <span class='ocr_line' id='line_1_14' title="bbox 219 2215 1509 2306; baseline 0.006 -26"><span class='ocrx_word' id='word_1_104' title='bbox 219 2215 379 2296; x_wconf 86' lang='lat' dir='ltr'><strong>sistentia,</strong></span> <span class='ocrx_word' id='word_1_105' title='bbox 387 2216 427 2280; x_wconf 92' lang='lat' dir='ltr'><strong>ab</strong></span> <span class='ocrx_word' id='word_1_106' title='bbox 440 2215 601 2302; x_wconf 81' lang='lat' dir='ltr'><strong>Episcopo</strong></span> <span class='ocrx_word' id='word_1_107' title='bbox 612 2217 735 2282; x_wconf 88' lang='lat' dir='ltr'><strong>visitari</strong></span> <span class='ocrx_word' id='word_1_108' title='bbox 747 2239 850 2302; x_wconf 90' lang='lat' dir='ltr'><strong>posse,</strong></span> <span class='ocrx_word' id='word_1_109' title='bbox 860 2219 921 2284; x_wconf 90' lang='lat' dir='ltr'><strong>nisi</strong></span> <span class='ocrx_word' id='word_1_110' title='bbox 933 2219 1105 2286; x_wconf 88' lang='lat' dir='ltr'><strong>manifesta</strong></span> <span class='ocrx_word' id='word_1_111' title='bbox 1117 2221 1319 2306; x_wconf 83' lang='lat' dir='ltr'><strong>exemptione</strong></span> <span class='ocrx_word' id='word_1_112' title='bbox 1331 2222 1509 2306; x_wconf 90' lang='lat' dir='ltr'><strong>potiantur.</strong></span> 
     </span>
     <span class='ocr_line' id='line_1_15' title="bbox 218 2339 1509 2426; baseline 0.005 -20"><span class='ocrx_word' id='word_1_113' title='bbox 218 2339 400 2426; x_wconf 82' lang='lat' dir='ltr'><strong>Episcopus</strong></span> <span class='ocrx_word' id='word_1_114' title='bbox 424 2342 507 2406; x_wconf 89' lang='lat' dir='ltr'><strong>enim</strong></span> <span class='ocrx_word' id='word_1_115' title='bbox 531 2363 628 2426; x_wconf 90' lang='lat' dir='ltr'><strong>supra</strong></span> <span class='ocrx_word' id='word_1_116' title='bbox 650 2342 689 2407; x_wconf 92' lang='lat' dir='ltr'><strong>iis</strong></span> <span class='ocrx_word' id='word_1_117' title='bbox 714 2342 883 2408; x_wconf 81' lang='lat' dir='ltr'><strong>fundatam</strong></span> <span class='ocrx_word' id='word_1_118' title='bbox 905 2343 1005 2408; x_wconf 89' lang='lat' dir='ltr'><strong>habet</strong></span> <span class='ocrx_word' id='word_1_119' title='bbox 1020 2345 1282 2411; x_wconf 87' lang='lat' dir='ltr'><strong>iurisdictionem.</strong></span> <span class='ocrx_word' id='word_1_120' title='bbox 1304 2346 1353 2413; x_wconf 84' lang='lat' dir='ltr'><strong>Cf.</strong></span> <span class='ocrx_word' id='word_1_121' title='bbox 1370 2346 1509 2412; x_wconf 80' lang='lat' dir='ltr'><strong>Bsanoss</strong></span> 
     </span>
     <span class='ocr_line' id='line_1_16' title="bbox 219 2464 1508 2557; baseline 0.004 -25"><span class='ocrx_word' id='word_1_122' title='bbox 219 2465 261 2532; x_wconf 81' lang='lat' dir='ltr'><strong>de</strong></span> <span class='ocrx_word' id='word_1_123' title='bbox 286 2464 348 2547; x_wconf 78' lang='lat' dir='ltr'><strong>Off.</strong></span> <span class='ocrx_word' id='word_1_124' title='bbox 372 2471 530 2548; x_wconf 77' lang='lat' dir='ltr'><strong>etpotest.</strong></span> <span class='ocrx_word' id='word_1_125' title='bbox 555 2464 667 2549; x_wconf 77' lang='lat' dir='ltr'><strong>Epire.</strong></span> <span class='ocrx_word' id='word_1_126' title='bbox 691 2466 728 2532; x_wconf 90' lang='lat' dir='ltr'><strong>P.</strong></span> <span class='ocrx_word' id='word_1_127' title='bbox 753 2469 784 2547; x_wconf 85' lang='lat'><strong>3,</strong></span> <span class='ocrx_word' id='word_1_128' title='bbox 810 2467 875 2532; x_wconf 82' lang='lat' dir='ltr'><strong>All.</strong></span> <span class='ocrx_word' id='word_1_129' title='bbox 902 2469 954 2534; x_wconf 81' lang='lat'><strong>74.</strong></span> <span class='ocrx_word' id='word_1_130' title='bbox 978 2467 1050 2534; x_wconf 89' lang='lat' dir='ltr'><strong>Hoc</strong></span> <span class='ocrx_word' id='word_1_131' title='bbox 1073 2469 1179 2553; x_wconf 88' lang='lat' dir='ltr'><strong>posito</strong></span> <span class='ocrx_word' id='word_1_132' title='bbox 1203 2470 1244 2534; x_wconf 90' lang='lat' dir='ltr'><strong>ad</strong></span> <span class='ocrx_word' id='word_1_133' title='bbox 1267 2470 1411 2557; x_wconf 81' lang='lat' dir='ltr'><strong>singulas</strong></span> <span class='ocrx_word' id='word_1_134' title='bbox 1434 2493 1508 2557; x_wconf 90' lang='lat' dir='ltr'><strong>spe·</strong></span> 
     </span>
     <span class='ocr_line' id='line_1_17' title="bbox 218 2589 482 2656; baseline 0 -2"><span class='ocrx_word' id='word_1_135' title='bbox 218 2589 286 2655; x_wconf 91' lang='lat' dir='ltr'><strong>cies</strong></span> <span class='ocrx_word' id='word_1_136' title='bbox 307 2589 482 2656; x_wconf 86' lang='lat' dir='ltr'><strong>veniamus.</strong></span> 
     </span>
    </p>

    <p class='ocr_par' dir='ltr' id='par_1_6' title="bbox 178 2714 1550 4918">
     <span class='ocr_line' id='line_1_18' title="bbox 311 2714 1509 2805; baseline 0.004 -25"><span class='ocrx_word' id='word_1_137' title='bbox 311 2714 412 2780; x_wconf 88' lang='lat' dir='ltr'><strong>Porro</strong></span> <span class='ocrx_word' id='word_1_138' title='bbox 446 2716 581 2780; x_wconf 85' lang='lat' dir='ltr'><strong>materia</strong></span> <span class='ocrx_word' id='word_1_139' title='bbox 615 2715 810 2781; x_wconf 87' lang='lat' dir='ltr'><strong>visitationis</strong></span> <span class='ocrx_word' id='word_1_140' title='bbox 841 2719 916 2782; x_wconf 89' lang='lat' dir='ltr'><strong>sunt</strong></span> <span class='ocrx_word' id='word_1_141' title='bbox 949 2717 983 2780; x_wconf 91' lang='lat' dir='ltr'><strong>in</strong></span> <span class='ocrx_word' id='word_1_142' title='bbox 1017 2717 1129 2801; x_wconf 87' lang='lat' dir='ltr'><strong>primis</strong></span> <span class='ocrx_word' id='word_1_143' title='bbox 1161 2717 1269 2786; x_wconf 81' lang='lat' dir='ltr'><strong>clerici</strong></span> <span class='ocrx_word' id='word_1_144' title='bbox 1302 2722 1372 2784; x_wconf 90' lang='lat' dir='ltr'><strong>tum</strong></span> <span class='ocrx_word' id='word_1_145' title='bbox 1396 2721 1509 2805; x_wconf 69' lang='lat' dir='ltr'><strong>vquoad</strong></span> 
     </span>
     <span class='ocr_line' id='line_1_19' title="bbox 218 2839 1509 2929; baseline 0.005 -25"><span class='ocrx_word' id='word_1_146' title='bbox 218 2861 341 2920; x_wconf 88' lang='lat' dir='ltr'><strong>mores,</strong></span> <span class='ocrx_word' id='word_1_147' title='bbox 376 2844 448 2906; x_wconf 90' lang='lat' dir='ltr'><strong>tum</strong></span> <span class='ocrx_word' id='word_1_148' title='bbox 482 2841 588 2924; x_wconf 90' lang='lat' dir='ltr'><strong>quoad</strong></span> <span class='ocrx_word' id='word_1_149' title='bbox 622 2840 727 2906; x_wconf 91' lang='lat' dir='ltr'><strong>officia</strong></span> <span class='ocrx_word' id='word_1_150' title='bbox 761 2845 858 2925; x_wconf 86' lang='lat' dir='ltr'><strong>atque</strong></span> <span class='ocrx_word' id='word_1_151' title='bbox 893 2839 1110 2927; x_wconf 83' lang='lat' dir='ltr'><strong>obligationes</strong></span> <span class='ocrx_word' id='word_1_152' title='bbox 1144 2842 1391 2924; x_wconf 90' lang='lat' dir='ltr'><strong>ecclesiasticas,</strong></span> <span class='ocrx_word' id='word_1_153' title='bbox 1427 2865 1509 2929; x_wconf 88' lang='lat' dir='ltr'><strong>quae</strong></span> 
     </span>
     <span class='ocr_line' id='line_1_20' title="bbox 220 2965 1509 3061; baseline 0.004 -31"><span class='ocrx_word' id='word_1_154' title='bbox 220 2965 336 3035; x_wconf 87' lang='lat' dir='ltr'><strong>iisdem</strong></span> <span class='ocrx_word' id='word_1_155' title='bbox 366 2965 569 3044; x_wconf 90' lang='lat' dir='ltr'><strong>incumbunt;</strong></span> <span class='ocrx_word' id='word_1_156' title='bbox 594 2965 736 3050; x_wconf 88' lang='lat' dir='ltr'><strong>adeoque</strong></span> <span class='ocrx_word' id='word_1_157' title='bbox 763 2965 944 3061; x_wconf 82' lang='lat' dir='ltr'><strong>universim¹</strong></span> <span class='ocrx_word' id='word_1_158' title='bbox 967 2987 1076 3032; x_wconf 91' lang='lat' dir='ltr'><strong>omnes</strong></span> <span class='ocrx_word' id='word_1_159' title='bbox 1107 2966 1221 3033; x_wconf 81' lang='lat' dir='ltr'><strong>Clerici</strong></span> <span class='ocrx_word' id='word_1_160' title='bbox 1251 2967 1416 3059; x_wconf 84' lang='lat' dir='ltr'><strong>visitandi¹</strong></span> <span class='ocrx_word' id='word_1_161' title='bbox 1433 2974 1509 3035; x_wconf 90' lang='lat' dir='ltr'><strong>sunt</strong></span> 
     </span>
     <span class='ocr_line' id='line_1_21' title="bbox 220 3089 1509 3177; baseline 0.003 -23"><span class='ocrx_word' id='word_1_162' title='bbox 220 3089 307 3154; x_wconf 89' lang='lat' dir='ltr'><strong>circa</strong></span> <span class='ocrx_word' id='word_1_163' title='bbox 336 3089 551 3176; x_wconf 87' lang='lat' dir='ltr'><strong>obligationes</strong></span> <span class='ocrx_word' id='word_1_164' title='bbox 582 3090 729 3156; x_wconf 90' lang='lat' dir='ltr'><strong>omnibus</strong></span> <span class='ocrx_word' id='word_1_165' title='bbox 764 3111 958 3156; x_wconf 88' lang='lat' dir='ltr'><strong>communes.</strong></span> <span class='ocrx_word' id='word_1_166' title='bbox 992 3089 1031 3156; x_wconf 92' lang='lat' dir='ltr'><strong>In</strong></span> <span class='ocrx_word' id='word_1_167' title='bbox 1065 3092 1170 3177; x_wconf 90' lang='lat' dir='ltr'><strong>specie</strong></span> <span class='ocrx_word' id='word_1_168' title='bbox 1205 3097 1312 3158; x_wconf 91' lang='lat' dir='ltr'><strong>autem</strong></span> <span class='ocrx_word' id='word_1_169' title='bbox 1347 3093 1509 3159; x_wconf 88' lang='lat' dir='ltr'><strong>obiectum</strong></span> 
     </span>
     <span class='ocr_line' id='line_1_22' title="bbox 220 3214 1509 3314; baseline 0.003 -35"><span class='ocrx_word' id='word_1_170' title='bbox 220 3214 417 3314; x_wconf 62' lang='lat' dir='ltr'><strong>visitationis</strong></span> <span class='ocrx_word' id='word_1_171' title='bbox 441 3219 499 3280; x_wconf 91' lang='lat' dir='ltr'><strong>est.</strong></span> <span class='ocrx_word' id='word_1_172' title='bbox 536 3216 552 3279; x_wconf 90' lang='lat'>1</span> <span class='ocrx_word' id='word_1_173' title='bbox 585 3214 780 3299; x_wconf 88' lang='lat' dir='ltr'><strong>Capitulum.</strong></span> <span class='ocrx_word' id='word_1_174' title='bbox 803 3215 904 3280; x_wconf 90' lang='lat' dir='ltr'><strong>Porro</strong></span> <span class='ocrx_word' id='word_1_175' title='bbox 928 3215 1033 3300; x_wconf 90' lang='lat' dir='ltr'><strong>quoad</strong></span> <span class='ocrx_word' id='word_1_176' title='bbox 1064 3237 1189 3302; x_wconf 90' lang='lat' dir='ltr'><strong>corpus,</strong></span> <span class='ocrx_word' id='word_1_177' title='bbox 1213 3217 1436 3302; x_wconf 90' lang='lat' dir='ltr'><strong>inquirendum</strong></span> <span class='ocrx_word' id='word_1_178' title='bbox 1460 3223 1509 3283; x_wconf 91' lang='lat' dir='ltr'><strong>est</strong></span> 
     </span>
     <span class='ocr_line' id='line_1_23' title="bbox 222 3339 1550 3430; baseline 0.003 -25"><span class='ocrx_word' id='word_1_179' title='bbox 222 3359 287 3424; x_wconf 86' lang='lat' dir='ltr'><strong>quo</strong></span> <span class='ocrx_word' id='word_1_180' title='bbox 312 3339 421 3405; x_wconf 87' lang='lat' dir='ltr'><strong>ordine</strong></span> <span class='ocrx_word' id='word_1_181' title='bbox 453 3341 497 3406; x_wconf 92' lang='lat' dir='ltr'><strong>sit</strong></span> <span class='ocrx_word' id='word_1_182' title='bbox 529 3339 715 3405; x_wconf 88' lang='lat' dir='ltr'><strong>distinctum</strong></span> <span class='ocrx_word' id='word_1_183' title='bbox 747 3344 780 3404; x_wconf 91' lang='lat' dir='ltr'><strong>et</strong></span> <span class='ocrx_word' id='word_1_184' title='bbox 812 3343 920 3405; x_wconf 90' lang='lat' dir='ltr'><strong>utrum</strong></span> <span class='ocrx_word' id='word_1_185' title='bbox 949 3339 1069 3406; x_wconf 89' lang='lat' dir='ltr'><strong>habeat</strong></span> <span class='ocrx_word' id='word_1_186' title='bbox 1101 3342 1288 3408; x_wconf 90' lang='lat' dir='ltr'><strong>canonicum</strong></span> <span class='ocrx_word' id='word_1_187' title='bbox 1318 3342 1508 3430; x_wconf 89' lang='lat' dir='ltr'><strong>theologum</strong></span> <span class='ocrx_word' id='word_1_188' title='bbox 1546 3413 1550 3420; x_wconf 71' lang='grc'>,</span> 
     </span>
     <span class='ocr_line' id='line_1_24' title="bbox 178 3463 1508 3550; baseline 0.003 -23"><span class='ocrx_word' id='word_1_189' title='bbox 178 3520 182 3527; x_wconf 88' lang='grc'><em>,</em></span> <span class='ocrx_word' id='word_1_190' title='bbox 222 3486 261 3529; x_wconf 91' lang='lat' dir='ltr'><strong>ac</strong></span> <span class='ocrx_word' id='word_1_191' title='bbox 283 3463 582 3548; x_wconf 88' lang='lat' dir='ltr'><strong>poenitentiarium:</strong></span> <span class='ocrx_word' id='word_1_192' title='bbox 607 3464 691 3530; x_wconf 89' lang='lat' dir='ltr'><strong>eirca</strong></span> <span class='ocrx_word' id='word_1_193' title='bbox 718 3463 861 3550; x_wconf 89' lang='lat' dir='ltr'><strong>singulas</strong></span> <span class='ocrx_word' id='word_1_194' title='bbox 884 3486 1046 3549; x_wconf 87' lang='lat' dir='ltr'><strong>personas,</strong></span> <span class='ocrx_word' id='word_1_195' title='bbox 1078 3469 1185 3530; x_wconf 88' lang='lat' dir='ltr'><strong>utrum</strong></span> <span class='ocrx_word' id='word_1_196' title='bbox 1217 3467 1342 3531; x_wconf 85' lang='lat' dir='ltr'><strong>ordines</strong></span> <span class='ocrx_word' id='word_1_197' title='bbox 1365 3466 1508 3532; x_wconf 89' lang='lat' dir='ltr'><strong>habeant</strong></span> 
     </span>
     <span class='ocr_line' id='line_1_25' title="bbox 219 3588 1507 3674; baseline -0.002 -19"><span class='ocrx_word' id='word_1_198' title='bbox 219 3590 287 3656; x_wconf 87' lang='lat' dir='ltr'><strong>suis</strong></span> <span class='ocrx_word' id='word_1_199' title='bbox 309 3589 498 3674; x_wconf 88' lang='lat' dir='ltr'><strong>praebendis</strong></span> <span class='ocrx_word' id='word_1_200' title='bbox 522 3589 683 3654; x_wconf 84' lang='lat' dir='ltr'><strong>adnexos:</strong></span> <span class='ocrx_word' id='word_1_201' title='bbox 707 3589 791 3654; x_wconf 91' lang='lat' dir='ltr'><strong>circa</strong></span> <span class='ocrx_word' id='word_1_202' title='bbox 815 3588 903 3653; x_wconf 90' lang='lat' dir='ltr'><strong>chori</strong></span> <span class='ocrx_word' id='word_1_203' title='bbox 938 3589 1114 3668; x_wconf 87' lang='lat' dir='ltr'><strong>servitium,</strong></span> <span class='ocrx_word' id='word_1_204' title='bbox 1138 3589 1362 3672; x_wconf 90' lang='lat' dir='ltr'><strong>inquirendum</strong></span> <span class='ocrx_word' id='word_1_205' title='bbox 1393 3593 1442 3652; x_wconf 89' lang='lat' dir='ltr'><strong>est</strong></span> <span class='ocrx_word' id='word_1_206' title='bbox 1466 3610 1507 3653; x_wconf 88' lang='lat' dir='ltr'><strong>an</strong></span> 
     </span>
     <span class='ocr_line' id='line_1_26' title="bbox 220 3711 1507 3780; baseline -0.002 -1"><span class='ocrx_word' id='word_1_207' title='bbox 220 3715 264 3779; x_wconf 88' lang='lat' dir='ltr'><strong>ad</strong></span> <span class='ocrx_word' id='word_1_208' title='bbox 288 3714 410 3780; x_wconf 86' lang='lat' dir='ltr'><strong>divinas</strong></span> <span class='ocrx_word' id='word_1_209' title='bbox 433 3713 543 3780; x_wconf 89' lang='lat' dir='ltr'><strong>laudes</strong></span> <span class='ocrx_word' id='word_1_210' title='bbox 567 3711 761 3779; x_wconf 90' lang='lat' dir='ltr'><strong>coniunctim</strong></span> <span class='ocrx_word' id='word_1_211' title='bbox 784 3712 819 3776; x_wconf 91' lang='lat' dir='ltr'><strong>in</strong></span> <span class='ocrx_word' id='word_1_212' title='bbox 842 3711 975 3776; x_wconf 88' lang='lat' dir='ltr'><strong>ecclesia</strong></span> <span class='ocrx_word' id='word_1_213' title='bbox 1006 3711 1185 3776; x_wconf 88' lang='lat' dir='ltr'><strong>recitandas</strong></span> <span class='ocrx_word' id='word_1_214' title='bbox 1209 3715 1266 3776; x_wconf 88' lang='lat' dir='ltr'><strong>aut</strong></span> <span class='ocrx_word' id='word_1_215' title='bbox 1292 3711 1507 3777; x_wconf 86' lang='lat' dir='ltr'><strong>decantandas</strong></span> 
     </span>
     <span class='ocr_line' id='line_1_27' title="bbox 221 3836 1508 3926; baseline -0.002 -22"><span class='ocrx_word' id='word_1_216' title='bbox 221 3840 311 3904; x_wconf 89' lang='lat' dir='ltr'><strong>omni</strong></span> <span class='ocrx_word' id='word_1_217' title='bbox 333 3838 490 3926; x_wconf 88' lang='lat' dir='ltr'><strong>religione</strong></span> <span class='ocrx_word' id='word_1_218' title='bbox 514 3843 611 3923; x_wconf 89' lang='lat' dir='ltr'><strong>atque</strong></span> <span class='ocrx_word' id='word_1_219' title='bbox 634 3837 723 3903; x_wconf 91' lang='lat' dir='ltr'><strong>cultu</strong></span> <span class='ocrx_word' id='word_1_220' title='bbox 744 3836 855 3903; x_wconf 91' lang='lat' dir='ltr'><strong>sedulo</strong></span> <span class='ocrx_word' id='word_1_221' title='bbox 870 3836 1067 3916; x_wconf 89' lang='lat' dir='ltr'><strong>incumbant,</strong></span> <span class='ocrx_word' id='word_1_222' title='bbox 1084 3836 1377 3920; x_wconf 83' lang='lat' dir='ltr'><strong>praescriptamque</strong></span> <span class='ocrx_word' id='word_1_223' title='bbox 1397 3857 1508 3902; x_wconf 91' lang='lat' dir='ltr'><strong>omnes</strong></span> 
     </span>
     <span class='ocr_line' id='line_1_28' title="bbox 221 3959 1507 4048; baseline -0.003 -20"><span class='ocrx_word' id='word_1_224' title='bbox 221 3985 289 4043; x_wconf 93' lang='lat' dir='ltr'><strong>ore,</strong></span> <span class='ocrx_word' id='word_1_225' title='bbox 312 3963 437 4042; x_wconf 91' lang='lat' dir='ltr'><strong>habitu,</strong></span> <span class='ocrx_word' id='word_1_226' title='bbox 461 3984 603 4048; x_wconf 89' lang='lat' dir='ltr'><strong>corpore,</strong></span> <span class='ocrx_word' id='word_1_227' title='bbox 627 3961 740 4027; x_wconf 91' lang='lat' dir='ltr'><strong>ritibus</strong></span> <span class='ocrx_word' id='word_1_228' title='bbox 764 3960 966 4046; x_wconf 89' lang='lat' dir='ltr'><strong>disciplinam</strong></span> <span class='ocrx_word' id='word_1_229' title='bbox 989 3960 1155 4046; x_wconf 87' lang='lat' dir='ltr'><strong>aclegem</strong></span> <span class='ocrx_word' id='word_1_230' title='bbox 1177 3964 1315 4026; x_wconf 90' lang='lat' dir='ltr'><strong>servent.</strong></span> <span class='ocrx_word' id='word_1_231' title='bbox 1339 3959 1392 4026; x_wconf 83' lang='lat' dir='ltr'><strong>An</strong></span> <span class='ocrx_word' id='word_1_232' title='bbox 1423 3982 1507 4045; x_wconf 89' lang='lat' dir='ltr'><strong>pun·</strong></span> 
     </span>
     <span class='ocr_line' id='line_1_29' title="bbox 221 4084 1509 4173; baseline -0.002 -19"><span class='ocrx_word' id='word_1_233' title='bbox 221 4092 362 4154; x_wconf 86' lang='lat' dir='ltr'><strong>ctatores</strong></span> <span class='ocrx_word' id='word_1_234' title='bbox 386 4087 584 4173; x_wconf 90' lang='lat' dir='ltr'><strong>adimpleant</strong></span> <span class='ocrx_word' id='word_1_235' title='bbox 607 4087 761 4172; x_wconf 88' lang='lat' dir='ltr'><strong>quidquid</strong></span> <span class='ocrx_word' id='word_1_236' title='bbox 784 4090 817 4152; x_wconf 91' lang='lat' dir='ltr'><strong>et</strong></span> <span class='ocrx_word' id='word_1_237' title='bbox 850 4089 975 4151; x_wconf 88' lang='lat' dir='ltr'><strong>statuta</strong></span> <span class='ocrx_word' id='word_1_238' title='bbox 999 4084 1140 4170; x_wconf 80' lang='lat' dir='ltr'><strong>Capituli</strong></span> <span class='ocrx_word' id='word_1_239' title='bbox 1163 4088 1196 4158; x_wconf 84' lang='lat' dir='ltr'><strong>et</strong></span> <span class='ocrx_word' id='word_1_240' title='bbox 1219 4085 1423 4169; x_wconf 83' lang='lat' dir='ltr'><strong>synodaliasu</strong></span> <span class='ocrx_word' id='word_1_241' title='bbox 1449 4109 1509 4172; x_wconf 91' lang='lat' dir='ltr'><strong>per</strong></span> 
     </span>
     <span class='ocr_line' id='line_1_30' title="bbox 219 4209 1508 4300; baseline -0.002 -20"><span class='ocrx_word' id='word_1_242' title='bbox 219 4212 486 4300; x_wconf 86' lang='lat' dir='ltr'><strong>punctationibus</strong></span> <span class='ocrx_word' id='word_1_243' title='bbox 502 4212 748 4278; x_wconf 90' lang='lat' dir='ltr'><strong>constitutiones</strong></span> <span class='ocrx_word' id='word_1_244' title='bbox 764 4211 903 4276; x_wconf 89' lang='lat' dir='ltr'><strong>edicunt.</strong></span> <span class='ocrx_word' id='word_1_245' title='bbox 920 4209 972 4276; x_wconf 84' lang='lat' dir='ltr'><strong>An</strong></span> <span class='ocrx_word' id='word_1_246' title='bbox 989 4209 1148 4275; x_wconf 90' lang='lat' dir='ltr'><strong>habeatur</strong></span> <span class='ocrx_word' id='word_1_247' title='bbox 1163 4209 1284 4274; x_wconf 89' lang='lat' dir='ltr'><strong>tabella</strong></span> <span class='ocrx_word' id='word_1_248' title='bbox 1299 4209 1438 4276; x_wconf 89' lang='lat' dir='ltr'><strong>horaria.</strong></span> <span class='ocrx_word' id='word_1_249' title='bbox 1454 4210 1508 4277; x_wconf 84' lang='lat' dir='ltr'><strong>Au</strong></span> 
     </span>
     <span class='ocr_line' id='line_1_31' title="bbox 219 4334 1507 4422; baseline -0.006 -16"><span class='ocrx_word' id='word_1_250' title='bbox 219 4339 464 4406; x_wconf 88' lang='lat' dir='ltr'><strong>distributiones</strong></span> <span class='ocrx_word' id='word_1_251' title='bbox 488 4337 694 4422; x_wconf 88' lang='lat' dir='ltr'><strong>quotidianae</strong></span> <span class='ocrx_word' id='word_1_252' title='bbox 717 4337 782 4402; x_wconf 87' lang='lat' dir='ltr'><strong>sint</strong></span> <span class='ocrx_word' id='word_1_253' title='bbox 805 4337 1011 4415; x_wconf 88' lang='lat' dir='ltr'><strong>constitutae,</strong></span> <span class='ocrx_word' id='word_1_254' title='bbox 1035 4356 1170 4419; x_wconf 88' lang='lat' dir='ltr'><strong>quarum</strong></span> <span class='ocrx_word' id='word_1_255' title='bbox 1196 4334 1377 4419; x_wconf 88' lang='lat' dir='ltr'><strong>privatione</strong></span> <span class='ocrx_word' id='word_1_256' title='bbox 1403 4335 1507 4420; x_wconf 89' lang='lat' dir='ltr'><strong>negli-</strong></span> 
     </span>
     <span class='ocr_line' id='line_1_32' title="bbox 217 4458 1504 4552; baseline -0.005 -24"><span class='ocrx_word' id='word_1_257' title='bbox 217 4466 336 4552; x_wconf 85' lang='lat' dir='ltr'><strong>gentes</strong></span> <span class='ocrx_word' id='word_1_258' title='bbox 358 4463 543 4548; x_wconf 86' lang='lat' dir='ltr'><strong>puniantur.</strong></span> <span class='ocrx_word' id='word_1_259' title='bbox 568 4462 660 4529; x_wconf 90' lang='lat' dir='ltr'><strong>Circa</strong></span> <span class='ocrx_word' id='word_1_260' title='bbox 683 4461 875 4547; x_wconf 88' lang='lat' dir='ltr'><strong>capitulares</strong></span> <span class='ocrx_word' id='word_1_261' title='bbox 898 4460 1154 4542; x_wconf 86' lang='lat' dir='ltr'><strong>deliberationes,</strong></span> <span class='ocrx_word' id='word_1_262' title='bbox 1179 4481 1220 4524; x_wconf 91' lang='lat' dir='ltr'><strong>an</strong></span> <span class='ocrx_word' id='word_1_263' title='bbox 1243 4458 1390 4546; x_wconf 87' lang='lat' dir='ltr'><strong>legitime</strong></span> <span class='ocrx_word' id='word_1_264' title='bbox 1413 4459 1504 4524; x_wconf 89' lang='lat' dir='ltr'><strong>fiant.</strong></span> 
     </span>
     <span class='ocr_line' id='line_1_33' title="bbox 219 4581 1508 4675; baseline -0.005 -21"><span class='ocrx_word' id='word_1_265' title='bbox 219 4587 316 4656; x_wconf 86' lang='lat' dir='ltr'><strong>Circa</strong></span> <span class='ocrx_word' id='word_1_266' title='bbox 330 4588 475 4653; x_wconf 87' lang='lat' dir='ltr'><strong>ordinem</strong></span> <span class='ocrx_word' id='word_1_267' title='bbox 496 4587 531 4652; x_wconf 92' lang='lat' dir='ltr'><strong>in</strong></span> <span class='ocrx_word' id='word_1_268' title='bbox 554 4587 710 4675; x_wconf 88' lang='lat' dir='ltr'><strong>regimine</strong></span> <span class='ocrx_word' id='word_1_269' title='bbox 726 4585 867 4671; x_wconf 82' lang='lat' dir='ltr'><strong>Capituli</strong></span> <span class='ocrx_word' id='word_1_270' title='bbox 882 4585 1106 4670; x_wconf 87' lang='lat' dir='ltr'><strong>inquirendum</strong></span> <span class='ocrx_word' id='word_1_271' title='bbox 1126 4605 1167 4648; x_wconf 89' lang='lat' dir='ltr'><strong>an</strong></span> <span class='ocrx_word' id='word_1_272' title='bbox 1183 4584 1427 4649; x_wconf 90' lang='lat' dir='ltr'><strong>constitutiones</strong></span> <span class='ocrx_word' id='word_1_273' title='bbox 1442 4581 1508 4648; x_wconf 91' lang='lat' dir='ltr'><strong>sint</strong></span> 
     </span>
     <span class='ocr_line' id='line_1_34' title="bbox 217 4707 1507 4798; baseline -0.006 -18"><span class='ocrx_word' id='word_1_274' title='bbox 217 4717 256 4780; x_wconf 90' lang='lat' dir='ltr'><strong>et</strong></span> <span class='ocrx_word' id='word_1_275' title='bbox 278 4733 299 4778; x_wconf 91' lang='lat' dir='ltr'><strong>a</strong></span> <span class='ocrx_word' id='word_1_276' title='bbox 321 4734 384 4798; x_wconf 90' lang='lat' dir='ltr'><strong>quo</strong></span> <span class='ocrx_word' id='word_1_277' title='bbox 408 4713 605 4798; x_wconf 87' lang='lat' dir='ltr'><strong>approbatae</strong></span> <span class='ocrx_word' id='word_1_278' title='bbox 627 4711 769 4788; x_wconf 78' lang='lat' dir='ltr'><strong>fuerint3</strong></span> <span class='ocrx_word' id='word_1_279' title='bbox 794 4733 835 4775; x_wconf 91' lang='lat' dir='ltr'><strong>an</strong></span> <span class='ocrx_word' id='word_1_280' title='bbox 858 4711 917 4775; x_wconf 88' lang='lat' dir='ltr'><strong>fiat</strong></span> <span class='ocrx_word' id='word_1_281' title='bbox 940 4709 1054 4774; x_wconf 88' lang='lat' dir='ltr'><strong>electio</strong></span> <span class='ocrx_word' id='word_1_282' title='bbox 1086 4707 1271 4774; x_wconf 90' lang='lat' dir='ltr'><strong>officialium</strong></span> <span class='ocrx_word' id='word_1_283' title='bbox 1303 4707 1507 4792; x_wconf 90' lang='lat' dir='ltr'><strong>rationesque</strong></span> 
     </span>
     <span class='ocr_line' id='line_1_35' title="bbox 217 4832 1507 4918; baseline -0.005 -15"><span class='ocrx_word' id='word_1_284' title='bbox 217 4837 263 4903; x_wconf 90' lang='lat' dir='ltr'><strong>ab</strong></span> <span class='ocrx_word' id='word_1_285' title='bbox 286 4837 325 4903; x_wconf 90' lang='lat' dir='ltr'><strong>iis</strong></span> <span class='ocrx_word' id='word_1_286' title='bbox 347 4838 383 4902; x_wconf 90' lang='lat' dir='ltr'><strong>in</strong></span> <span class='ocrx_word' id='word_1_287' title='bbox 405 4838 468 4903; x_wconf 89' lang='lat' dir='ltr'><strong>fine</strong></span> <span class='ocrx_word' id='word_1_288' title='bbox 491 4838 566 4904; x_wconf 90' lang='lat' dir='ltr'><strong>anni</strong></span> <span class='ocrx_word' id='word_1_289' title='bbox 589 4836 762 4903; x_wconf 87' lang='lat' dir='ltr'><strong>reddantur</strong></span> <span class='ocrx_word' id='word_1_290' title='bbox 796 4839 829 4900; x_wconf 90' lang='lat' dir='ltr'><strong>et</strong></span> <span class='ocrx_word' id='word_1_291' title='bbox 862 4835 897 4899; x_wconf 90' lang='lat' dir='ltr'><strong>in</strong></span> <span class='ocrx_word' id='word_1_292' title='bbox 928 4833 1027 4899; x_wconf 90' lang='lat' dir='ltr'><strong>libros</strong></span> <span class='ocrx_word' id='word_1_293' title='bbox 1060 4832 1259 4910; x_wconf 83' lang='lat' dir='ltr'><strong>referantur3</strong></span> <span class='ocrx_word' id='word_1_294' title='bbox 1296 4832 1431 4917; x_wconf 87' lang='lat' dir='ltr'><strong>denique</strong></span> <span class='ocrx_word' id='word_1_295' title='bbox 1465 4854 1507 4918; x_wconf 75' lang='lat' dir='ltr'><strong>an</strong></span> 
     </span>
    </p>
   </div>
   <div class='ocr_carea' id='block_1_4' title="bbox 0 0 1940 5685">
    <p class='ocr_par' dir='ltr' id='par_1_7' title="bbox 0 0 1940 5685">
     <span class='ocr_line' id='line_1_36' title="bbox 0 0 1940 5685; baseline 0 0"><span class='ocrx_word' id='word_1_296' title='bbox 0 0 1940 5685; x_wconf 95' lang='lat' dir='ltr'><strong> </strong></span> 
     </span>
    </p>
   </div>
  </div>
 </body>
</html>
