3906 5690
987 543 1128 598 ..36-

416 724 535 789 notorii
547 723 612 789 sint
631 723 820 788 clericorum
836 744 1046 806 percussores,
1062 722 1181 808 privari
1197 723 1239 788 ad
1256 726 1384 808 tempus
1398 744 1456 788 sua
1472 721 1702 802 iurisdictione,

416 849 554 914 Brasosr
571 849 609 915 de
624 847 676 928 off.
689 852 717 912 et
725 853 840 929 potest.
854 847 965 930 Episc.
979 847 1044 914 All.
1059 849 1112 914 54.
1128 872 1160 913 n.
1177 848 1251 928 146,
1265 849 1522 932 qnandoquidem
1537 871 1636 915 unum
1652 853 1704 914 est

416 975 536 1041 Vioarii
559 977 592 1040 et
615 973 767 1059 Episcopi
790 972 947 1051 tribunal;
964 973 1041 1038 licet
1062 995 1129 1040 non
1144 973 1376 1058 prohibeantur
1391 973 1605 1040 matrimoniis
1622 975 1703 1040 assi-

414 1105 508 1179 stere,
533 1121 606 1166 oum
628 1097 783 1164 eiusmodi
810 1101 900 1164 actus
930 1120 996 1162 non
1025 1098 1069 1164 sit
1101 1097 1339 1178 iurisdictionis,
1363 1096 1501 1164 Barnosr
1529 1100 1569 1165 de
1592 1099 1645 1181 off.
1673 1105 1704 1166 et

408 1227 525 1307 potest.
539 1223 605 1307 Ep.
616 1223 655 1288 P.
667 1225 698 1304 2,
712 1223 767 1290 all.
780 1225 834 1304 32,
846 1245 878 1288 n.
895 1223 969 1288 119.
983 1223 1103 1291 Contra
1115 1222 1238 1289 Vioarii
1253 1223 1488 1307 Episcoporum
1499 1223 1556 1307 qui
1567 1224 1632 1289 sint
1648 1247 1705 1290 no·

415 1349 492 1414 torii
506 1347 671 1428 haeretici,
686 1349 856 1434 privantur
872 1348 1001 1414 omnino
1017 1346 1373 1414 suaiurisdictione.1n
1389 1347 1488 1432 priori
1504 1369 1579 1414 casn
1597 1371 1654 1415 seu
1669 1349 1703 1416 in

337 1521 340 1526 ,
417 1495 494 1540 casu
515 1493 686 1558 suspensae
709 1471 938 1540 iurisdictionis
953 1473 987 1538 in
1003 1472 1182 1558 Episcopis,
1199 1472 1385 1538 exercitium
1408 1471 1507 1556 ipsius
1523 1471 1705 1538 devolvitur

417 1597 458 1662 ad
480 1595 574 1664 Rom.
590 1597 782 1662 Pontificem
796 1620 803 1675 ;
820 1597 854 1661 in
870 1619 946 1664 casu
961 1619 1036 1662 vero
1053 1597 1233 1682 posteriori,
1250 1597 1439 1681 privationis
1461 1597 1703 1677 iurisdictionis,

416 1721 592 1786 iurisdictio
616 1721 769 1806 Episcopi
792 1721 972 1788 devolvitur
1008 1721 1049 1786 ad
1072 1720 1272 1807 Capitulum,
1296 1721 1564 1806 quemadmodum
1587 1721 1706 1788 accidit

417 1846 491 1912 sede
506 1851 651 1912 vacante.
667 1845 826 1912 Florianus
840 1846 875 1910 in
891 1845 969 1932 Gap.
990 1847 1074 1928 Quin
1090 1847 1307 1914 devastatae
1322 1846 1360 1911 de
1381 1867 1469 1910 conc.
1485 1846 1594 1930 praeb.
1610 1869 1642 1912 ιι.
1661 1847 1706 1911 24

418 1975 451 2036 et
466 1991 532 2054 seq.
548 1968 701 2054 Sequitur
716 1971 824 2050 etiam,
837 1970 1026 2055 Episcopos,
1039 1991 1176 2054 quorum
1192 1970 1480 2036 excommunicatio
1492 1973 1526 2036 et
1537 1971 1704 2056 suspensio

419 2094 610 2160 denunciata
632 2095 824 2160 nominatim
846 2116 912 2159 non
936 2098 985 2160 est
1012 2098 1045 2159 et
1076 2095 1131 2179 qui
1154 2095 1259 2161 sciunt
1289 2116 1324 2160 se
1355 2117 1462 2160 carere
1490 2095 1588 2160 titulo
1611 2117 1707 2161 verae

418 2217 655 2298 iurisdictionis,
683 2217 759 2284 licet
790 2218 932 2284 habeant
966 2217 1097 2285 titulum
1134 2218 1312 2285 coloratum
1346 2241 1419 2285 cum
1453 2241 1559 2286 errore
1591 2220 1705 2305 populi

420 2341 635 2422 coniunctum,
652 2341 756 2408 valide
779 2341 908 2426 quidem
924 2364 1069 2408 exercere
1084 2343 1346 2424 iurisdictionem,
1359 2345 1387 2410 si
1402 2343 1489 2409 aliud
1504 2365 1570 2410 non
1585 2345 1707 2421 obstet,

419 2465 531 2531 illicite
553 2471 662 2531 tamen
677 2465 710 2531 id
732 2465 848 2547 iacere,
864 2466 980 2532 saltem
1003 2468 1031 2532 si
1053 2467 1140 2534 ultro
1163 2490 1197 2534 se
1212 2469 1373 2555 ingerant.
1390 2467 1508 2534 Saarna
1524 2471 1563 2536 de
1578 2491 1706 2538 censor.

419 2589 513 2676 Disp.
537 2589 580 2655 26
603 2593 680 2656 sect.
711 2592 743 2655 2.
767 2589 922 2676 Adeoque
956 2591 1160 2678 siEpisoopi
1192 2593 1363 2679 praedictis
1396 2595 1536 2660 censuris
1559 2595 1707 2660 innodati

420 2713 546 2780 ordines
569 2713 748 2796 conformat,
771 2715 1045 2804 irregularitatem
1067 2719 1235 2786 incurrunt
1262 2723 1295 2784 et
1317 2719 1438 2786 subditi
1462 2719 1515 2804 qui
1546 2719 1628 2786 tales
1652 2741 1708 2784 eos

420 2841 568 2906 noverint
590 2841 709 2906 notitia
731 2840 821 2922 facti,
844 2847 980 2926 possunt
1002 2843 1132 2926 impune
1149 2865 1259 2910 eorum
1276 2845 1489 2910 iurisdictioni
1505 2866 1568 2908 non
1583 2865 1707 2926 parere.

421 2963 539 3028 Susura
562 2963 624 3026 loc.
649 2965 705 3026 cit.

556 3081 591 3162 4)
615 3083 738 3159 Quarta
760 3083 873 3170 regula
901 3085 1078 3150 communis
1111 3089 1160 3150 est
1193 3089 1231 3150 ut
1254 3084 1408 3170 quidquid
1431 3085 1626 3150 contrarium
1659 3087 1708 3150 est

422 3205 712 3272 constitutionibus
734 3208 890 3291 superiori
914 3209 1106 3274 auctoritate
1130 3209 1278 3288 firmatis,
1296 3213 1329 3274 et
1353 3209 1508 3294 quidquid
1535 3213 1583 3274 est
1606 3231 1708 3275 reser-

422 3335 533 3396 vatum
556 3331 712 3415 superiori
735 3333 931 3412 auctoritati,
955 3334 988 3398 id
1012 3333 1226 3420 episcopalem
1246 3333 1499 3400 iurisdictionem
1514 3335 1711 3420 regulariter

420 3455 563 3536 excedat,
587 3455 684 3522 salvis
707 3457 948 3542 exceptionibus
971 3458 1009 3523 in'
1028 3457 1097 3524 iure
1120 3459 1275 3544 probatis.

511 3581 571 3648 His
594 3581 774 3667 praeiaotis,
798 3581 839 3647 ad
861 3581 1006 3668 singulas
1028 3581 1149 3668 species
1172 3585 1350 3650 ordinariae
1374 3585 1545 3669 potestatis
1568 3585 1706 3670 gradum

422 3707 576 3772 iacientes
598 3729 741 3793 agemus,
758 3707 861 3792 primo
885 3707 923 3772 do
946 3711 1108 3793 potestate
1128 3709 1190 3775 fori
1206 3710 1339 3789 externi,
1356 3710 1469 3774 deinde
1486 3710 1523 3776 de
1539 3713 1706 3794 potestate

423 3831 486 3895 fori
508 3831 637 3894 interni.

791 3995 792 4000 ¹
921 4008 1168 4077 ARTIOULUS
1192 4009 1217 4074 l.

633 4159 694 4220 De
711 4161 923 4223 Potestate
943 4164 1137 4242 Episcopi
1156 4167 1198 4224 ln
1216 4165 1305 4225 loro
1325 4168 1503 4266 externo.

511 4321 671 4404 Potestas,
695 4347 751 4392 seu
773 4327 950 4393 iurisdictio
979 4328 1043 4394 fori
1066 4329 1200 4409 externi,
1230 4329 1327 4396 salvis
1357 4326 1597 4415 exceptionibus
1629 4353 1709 4415 quas

423 4449 455 4512 in
470 4448 592 4536 regulis
607 4450 811 4536 generalibus
827 4453 922 4518 modo
939 4454 1195 4534 memoravimus,
1212 4453 1397 4538 plenissima
1413 4459 1461 4520 est
1477 4456 1510 4520 in
1526 4455 1711 4540 Episcopis,

423 4573 565 4660 adeoque
588 4597 697 4640 omnes
720 4576 787 4642 eius
811 4581 919 4661 partes
950 4576 1184 4662 complectitur,
1207 4579 1229 4644 i.
1254 4601 1281 4644 e.
1315 4583 1510 4663 potestatem
1533 4585 1603 4645 tum
1626 4579 1711 4666 legi·

424 4700 536 4778 teram,
562 4704 633 4764 tum
655 4699 848 4780 iudicialem,
872 4705 943 4766 tum
973 4702 1152 4768 coactivam
1184 4703 1289 4786 quoad
1322 4725 1480 4787 personas,
1514 4707 1584 4768 tum
1607 4703 1712 4768 admi·

425 4821 629 4888 nistrativem
652 4825 758 4908 quoad
781 4846 841 4892 res.
866 4825 1035 4892 Distinotis
1058 4827 1271 4913 paragraphis
1295 4827 1332 4892 de
1348 4827 1398 4892 his
1415 4831 1553 4912 quatuor
1568 4848 1713 4914 agemus.
