3906 5690
807 513 948 565 ..61-

316 685 345 747 3.
370 687 446 746 Item
467 687 607 765 Episcopi
628 687 788 765 procedere
809 687 918 747 debent
942 689 1028 749 iuxta
1058 691 1134 750 iuris
1166 691 1391 768 dispositionem
1422 693 1518 756 locive

236 783 481 844 consuetudinem
501 789 608 845 contra
627 786 860 863 praedicatores,
885 788 978 848 etiam
999 791 1160 866 exemptos,
1187 790 1212 847 si
1233 791 1374 850 haereses
1395 793 1518 868 praedi-

235 883 384 942 caverint.
408 882 484 942 Ibid.
507 884 537 958 ξ.
561 881 597 941 Si
617 901 699 945 vero.

315 982 344 1040 4.
368 980 521 1057 Deputare
542 981 651 1040 debent
671 981 792 1042 idoneos
812 983 943 1042 vicarios
964 985 996 1042 in
1017 985 1150 1044 ecclesiis
1171 988 1295 1060 curatis,
1313 987 1460 1064 possessis
1482 990 1521 1048 ab

234 1078 381 1154 exemptis
402 1079 434 1136 in
454 1095 526 1136 casu
547 1097 606 1136 non
627 1080 817 1154 residentiae,
836 1081 874 1139 ad
888 1083 1006 1157 tempus
1027 1083 1201 1158 permissae,
1221 1085 1341 1160 illisque
1362 1085 1521 1162 assIgnare

233 1193 398 1251 congruam
419 1175 572 1236 fructuum
592 1179 771 1254 portionem.
795 1178 867 1255 Gap.
892 1179 921 1237 II
942 1179 1023 1240 Sess.
1046 1180 1089 1238 VI
1110 1181 1149 1240 de
1168 1183 1312 1258 Reform.

314 1273 344 1334 5.
368 1275 500 1332 Possunt
520 1276 684 1352 quemlibet
703 1277 846 1336 clericum
862 1278 1057 1352 saecularem,
1075 1297 1111 1337 ac
1125 1281 1297 1355 regularem
1311 1285 1398 1340 extra
1412 1301 1521 1343 mona-

234 1371 362 1430 sterium
383 1371 540 1446 degentem
572 1373 708 1448 visitare,
743 1375 851 1450 punire
882 1377 913 1434 ct
943 1377 1105 1452 corrigere,
1131 1380 1156 1436 si
1178 1378 1349 1455 deliquerit.
1379 1381 1451 1457 Gap.
1476 1383 1520 1441 III

234 1470 316 1529 Sess.
339 1469 383 1528 VI
404 1469 443 1528 de
463 1471 537 1546 Res.

313 1567 397 1630 Quod
418 1559 511 1626 etiam
532 1568 629 1627 locum
650 1569 743 1628 habet
764 1571 860 1647 quoad
881 1572 1037 1647 regulares
1058 1573 1224 1632 translatos
1239 1575 1277 1633 ad
1291 1575 1422 1634 alterum
1436 1577 1521 1636 ordi-

235 1683 313 1740 nem,
338 1667 397 1725 nisi
418 1667 450 1724 in
471 1667 527 1726 hoc
548 1668 603 1726 sub
624 1669 670 1726 sui
692 1669 863 1745 Superioris
884 1671 1054 1729 obedientia
1074 1671 1105 1728 in
1126 1671 1259 1730 claustro
1279 1676 1424 1750 perpetuo
1452 1691 1521 1733 ma-

233 1767 328 1824 neant
356 1765 442 1824 iuxta
472 1765 545 1842 Gap.
568 1765 614 1824 XI
634 1765 767 1824 eiusdem
796 1767 881 1826 Trid.
909 1767 990 1827 Sess.
1018 1767 1092 1826 XIV
1119 1769 1159 1826 de
1185 1771 1259 1844 Res.
1290 1773 1324 1827 ut
1351 1770 1520 1830 declararit

233 1863 358 1924 Basso.
380 1863 456 1921 XIV
476 1863 578 1922 Const.
603 1865 773 1942 Pontificio
793 1865 1058 1924 cornmecdatioae
1078 1865 1117 1922 27
1138 1867 1211 1924 maii
1235 1865 1324 1926 1746.

315 1958 345 2020 6.
368 1960 595 2037 Metropoliteni
625 1964 752 2038 possunt
779 1963 948 2036 monachos,
983 1963 1035 2038 qui
1065 1962 1206 2039 capitulis
1233 1965 1426 2039 generalibus
1460 1983 1519 2024 nan

231 2056 371 2130 subsunt,
396 2058 506 2134 quique
525 2060 783 2135 congregationes,
809 2077 885 2136 quae
905 2059 981 2118 talia
1001 2059 1134 2137 capitula
1152 2061 1272 2135 habent,
1291 2062 1514 2139 praesidesque,
1588 2053 1591 2058 “

231 2155 286 2213 vel
307 2156 480 2215 visitatores
500 2155 600 2215 facere
620 2157 787 2233 negligunt,
813 2174 868 2234 pro
888 2157 1051 2234 praedictis
1072 2159 1172 2217 causis
1192 2176 1375 2219 convocare:
1400 2161 1519 2235 quodsi

230 2253 307 2312 dicti
328 2255 475 2328 monaehi,
500 2254 731 2330 metropolitano
752 2253 894 2328 instante,
919 2241 1088 2315 memorata
1099 2257 1205 2332 exequi
1224 2275 1282 2314 non
1303 2259 1419 2330 curent,
1445 2259 1520 2317 sub-

230 2351 347 2410 duntur
377 2352 532 2428 episcopis,
563 2351 595 2410 iu
627 2370 754 2429 quorum
786 2353 970 2412 dioecesibus
1002 2371 1106 2412 eorum
1137 2355 1322 2414 monasteria
1353 2355 1414 2414 sita
1444 2357 1517 2416 sint.

232 2449 308 2526 Gap.
331 2449 406 2508 VIII
426 2451 507 2510 Sess.
531 2450 621 2508 XXV
642 2451 681 2510 de
700 2452 778 2526 ch.

313 2548 342 2607 7.
367 2548 483 2608 Debent
503 2547 634 2624 episcopi
649 2548 680 2606 in
694 2549 887 2607 monasteriis
907 2550 1053 2625 exemptis
1074 2549 1262 2623 monialium,
1281 2549 1374 2608 etiam
1393 2550 1518 2626 regula-

230 2646 318 2704 ribus
340 2646 552 2720 subiectarum,
576 2646 739 2706 restituere
760 2646 941 2718 clausuram,
967 2647 993 2704 si
1015 2646 1129 2706 violata
1154 2646 1255 2720 luerit,
1281 2650 1312 2705 et
1334 2665 1517 2707 conservare

231 2761 293 2802 non
315 2743 470 2803 violatam.
495 2744 567 2821 Gap.
591 2745 620 2803 V
640 2744 706 2803 ead.
730 2744 811 2803 Sess.
834 2744 924 2802 XXV
944 2744 983 2802 de
1003 2745 1081 2819 Rep.
1336 2813 1337 2816 Ἴ

312 2841 343 2902 8.
366 2842 482 2900 Debent
502 2843 672 2918 gubernare
693 2841 878 2900 monasteria
898 2841 1074 2899 monialium
1097 2841 1167 2901 Sedi
1191 2841 1384 2918 Apostolicae
1407 2843 1518 2902 imme-

230 2940 314 2999 diate
336 2940 478 3012 subiecta,
504 2940 535 2998 in
557 2957 684 3016 quorum
706 2938 889 2998 dioecesibus
910 2939 970 2996 sita
991 2939 1072 2998 sunt.
1097 2939 1169 3015 (lap.
1194 2939 1239 2997 IX
1257 2939 1362 2998 eadem
1386 2940 1467 3000 Sess.

313 3037 343 3099 9.
366 3039 442 3098 Item
456 3039 584 3097 visitare
597 3037 740 3115 capitula,
759 3037 945 3114 quocumque
958 3036 1045 3095 modo
1058 3037 1206 3114 exempta,
1225 3037 1342 3112 quoties
1357 3036 1518 3113 expediens

231 3137 409 3196 iudicabunt
429 3137 501 3213 Cap.
526 3136 568 3194 IV
590 3137 671 3196 Sess.
695 3135 738 3194 VI
760 3136 799 3194 dc
817 3135 892 3211 Res.

314 3233 360 3294 10.
385 3235 460 3294 Item
488 3235 662 3292 examinare
693 3233 818 3294 uniones
848 3233 1010 3310 perpetuas
1037 3249 1057 3291 a
1085 3232 1287 3308 quadraginta
1318 3233 1406 3291 annis
1439 3231 1518 3292 citra

230 3331 338 3408 factas,
363 3335 394 3392 ct
415 3349 490 3409 quae
504 3351 558 3409 per
573 3332 804 3408 subreptionem,
823 3331 873 3390 vel
887 3330 1092 3407 obreptionem
1107 3331 1248 3390 obtentae
1268 3329 1391 3405 fuerint,
1411 3329 1519 3390 Irritus

234 3431 399 3490 declarare.
424 3431 496 3507 Cap.
519 3430 563 3489 VI
583 3430 664 3489 Sess.
687 3429 746 3488 VII
767 3429 806 3488 de
826 3430 899 3504 Res.
1035 3502 1040 3508 ι
1159 3491 1160 3494 ,

300 3527 362 3588 111.
387 3527 463 3588 Item
480 3529 607 3587 visitare
621 3527 762 3586 ecclesias
783 3542 994 3602 quascumque,
1020 3525 1240 3601 quomodolibet
1260 3527 1423 3600 exemptas,
1452 3525 1518 3582 sin-

230 3625 312 3702 gulis
332 3627 429 3700 annis,
455 3625 688 3702 opportunisque
709 3623 851 3682 remediis
871 3623 1039 3698 providere,
1065 3623 1196 3696 atquae
1218 3619 1410 3696 reparatione
1435 3619 1518 3677 indi-

231 3725 313 3800 gent,
338 3726 527 3800 reparentur,
547 3741 681 3799 quaeque
702 3721 810 3780 debitis
831 3719 982 3795 obsequiis
1003 3717 1229 3790 defraudantur,
1248 3716 1372 3774 minime
1392 3714 1518 3776 defrau-

234 3822 354 3882 dentur.
378 3822 450 3899 Gap.
474 3821 548 3880 VIII
569 3821 649 3880 Sess.
672 3819 732 3878 VII
752 3819 792 3878 de
812 3820 885 3894 Res.

316 3919 363 3981 12.
387 3919 554 3980 eonvenire
575 3919 684 3978 debent
703 3919 856 3996 exemptos
870 3933 971 3976 coram
987 3931 1018 3974 se
1033 3915 1065 3972 in
1079 3915 1178 3972 causis
1192 3912 1362 3972 mercedum
1378 3915 1408 3970 et
1423 3912 1518 3972 mise-

230 4019 375 4078 rabilium
396 4035 601 4094 personarum,
627 4016 747 4074 etiamsi
768 4015 900 4074 habeant
919 4013 1048 4072 iudicem
1069 4029 1088 4070 a
1108 4012 1183 4070 Sede
1204 4011 1262 4087 Ap.
1286 4010 1463 4086 deputatum
1485 4010 1517 4068 ln

229 4117 378 4194 partibus,
397 4116 486 4174 sicuti
501 4119 532 4174 et
545 4115 576 4174 in
590 4113 660 4173 aliis
673 4114 781 4188 causis,
800 4113 826 4171 si
840 4113 932 4172 talem
946 4111 1074 4170 iudicem
1089 4128 1148 4168 non
1161 4107 1335 4169 habuerint.
1353 4107 1426 4184 Gap.
1441 4107 1517 4167 XIV

231 4215 366 4273 eiusdem
387 4214 468 4272 Sess.
491 4213 562 4274 VII.

278 4387 281 4392 Ι
315 4309 363 4370 13.
386 4309 557 4369 Summarie
582 4325 759 4385 cognoscere
783 4307 891 4367 debent
920 4325 974 4384 per
1005 4324 1037 4366 se
1068 4307 1157 4383 ipsos,
1193 4305 1229 4364 de
1261 4303 1454 4381 subreptione
1487 4305 1519 4361 et

230 4409 407 4485 obreptione
428 4409 555 4484 gratiae,
581 4425 657 4482 quae
679 4424 769 4484 super
782 4405 970 4464 absolutione
990 4404 1126 4462 oriminis
1141 4401 1262 4480 publici,
1282 4403 1317 4461 de
1339 4420 1397 4478 quo
1414 4399 1518 4476 inqui-

230 4523 302 4566 rere
322 4509 493 4584 coeperunt,
517 4505 567 4564 rel
588 4505 765 4564 remissione
785 4521 906 4580 poenae,
941 4503 979 4561 ad
1010 4520 1100 4579 quam
1130 4501 1417 4572 condemnaverunt,
1449 4515 1517 4555 cum

231 4603 320 4664 falsis
340 4604 480 4680 precibus
501 4603 665 4678 impetrata
685 4603 736 4661 sit.
760 4601 832 4677 Gap.
855 4601 884 4660 V
904 4601 985 4661 Sess.
1001 4599 1077 4659 XIII
1100 4599 1139 4658 de
1160 4599 1233 4674 Res.

315 4701 364 4762 14.
387 4703 464 4761 Item
485 4700 611 4777 possunt
630 4703 662 4759 et
682 4699 791 4758 debent
810 4699 963 4774 corrigere
984 4714 1185 4775 quoscumque
1206 4695 1330 4754 clericos
1350 4693 1514 4768 exemptos,

231 4800 312 4861 alias
333 4799 390 4858 sibi
412 4797 556 4873 subditos,
575 4799 667 4857 etiam
688 4799 775 4856 extra
795 4797 1012 4856 visitationem.
1036 4796 1109 4872 Gap.
1126 4794 1169 4852 IV
1190 4794 1270 4854 Sess.
1287 4793 1361 4852 XIV
1382 4791 1515 4866 deitas.
