3872 5694
818 479 960 534 ..37-

249 677 345 740 quam
367 675 435 722 esse
459 654 585 722 eosdem
609 654 796 740 Episcopus,
820 657 847 722 si
871 655 1049 742 Regulares
1072 657 1202 736 fuerint,
1219 658 1259 722 ab
1280 657 1533 744 obligationibus

248 780 440 866 professioni
455 781 608 868 regulari,
632 802 729 865 quam
752 781 935 862 emiserunt,
959 783 1100 862 adnexis,
1118 805 1175 868 per
1195 783 1400 868 adeptionem
1423 782 1533 870 digni-

248 907 326 974 tatis
342 927 378 970 ac
390 907 530 1000 muneris
545 906 735 992 episcopalis
752 907 900 986 eximere,
916 907 977 972 nisi
990 913 1147 992 qnatenus
1163 907 1303 974 eiusdem
1319 909 1459 974 muneris
1476 932 1531 974 cu-

246 1051 364 1116 raeque
379 1031 551 1116 pastoralis
574 1031 726 1098 exercitio
742 1032 807 1098 sint
829 1032 1068 1117 impedimento.
1084 1033 1198 1114 Quare,
1216 1033 1478 1120 quotiescumque
1494 1056 1533 1100 ex

246 1157 390 1242 ipsorum
403 1155 507 1242 culpa,
524 1157 591 1223 sire
602 1179 641 1222 ex
654 1156 718 1222 alia
729 1157 874 1242 qualibet
885 1181 982 1224 causa
993 1163 1050 1225 aut
1061 1155 1302 1244 impedimenta
1315 1161 1532 1246 quamtumvis

246 1282 333 1348 iusto
348 1305 386 1347 ac
402 1281 562 1368 legitimo,
574 1282 607 1347 in
623 1283 787 1366 praedicta
803 1283 947 1350 Ecclesia
959 1288 1016 1350 aut
1031 1285 1146 1350 saltern
1162 1285 1298 1351 dioecesi
1310 1281 1457 1366 residere,
1475 1307 1531 1350 ex-

247 1411 341 1494 cepto
357 1411 502 1492 tempore
520 1407 695 1474 aGoncilio
708 1406 795 1473 Trid.
807 1409 987 1494 praefinito,
998 1415 1054 1476 aut
1069 1410 1231 1477 noluerint
1247 1415 1303 1476 aut
1319 1411 1532 1496 nequiverint,

246 1531 344 1599 soluti
367 1555 431 1598 non
454 1537 530 1599 suut
553 1532 754 1620 obligatione
778 1557 874 1620 quam
897 1523 954 1620 per
981 1535 1211 1620 professionem
1239 1536 1422 1622 regularem
1454 1559 1532 1602 con·

247 1661 415 1724 traxerunt
430 1657 558 1722 vivendi
579 1658 637 1724 sub
655 1658 837 1724 obedientia
852 1657 1060 1744 Superiorem
1077 1661 1217 1726 eiusdem
1232 1661 1408 1748 religionis,
1425 1661 1534 1726 obser·

247 1781 406 1866 randique
426 1783 532 1848 omnia
554 1787 588 1848 et
609 1783 751 1870 singula,
768 1805 849 1869 quae
874 1807 893 1850 a
915 1785 1116 1872 regularibus
1139 1786 1225 1851 intra
1248 1785 1388 1852 claustra
1410 1786 1532 1873 degen-

247 1908 334 1972 tibus
356 1907 424 1972 sire
455 1927 495 1972 ex
523 1911 615 1988 roto,
647 1908 713 1974 sive
744 1931 783 1974 ex
817 1911 1015 1995 praescripto
1050 1911 1181 1998 regulae
1204 1915 1238 1976 et
1267 1912 1533 1977 constitutionum

248 2053 326 2098 snae
347 2032 521 2118 religionis,
546 2031 788 2118 quomodolibet
811 2037 844 2099 et
867 2033 1142 2120 qualitercumque
1166 2035 1327 2100 obseruari
1355 2035 1472 2100 debent
1495 2057 1533 2100 ao

247 2157 369 2236 solent3
393 2157 472 2224 adeo
496 2161 534 2222 ut
557 2158 821 2243 quandocumque
843 2158 905 2224 hac
928 2159 962 2224 in
985 2165 1076 2245 parte
1093 2159 1277 2240 defecerint,
1293 2181 1352 2225 nec
1368 2183 1387 2224 a
1402 2159 1434 2226 S.
1452 2157 1533 2225 Sede

246 2283 412 2350 licentiam
432 2305 488 2350 seu
513 2283 783 2368 dispensationem
817 2284 851 2348 in
881 2285 1010 2369 scriptis
1041 2285 1248 2364 obtinuerint,
1276 2306 1335 2350 nec
1358 2286 1470 2350 statim
1493 2285 1534 2350 ed

248 2407 388 2474 claustra
411 2431 487 2494 suae
521 2407 689 2496 religionis
723 2431 791 2474 sese
827 2409 1032 2488 contulerint,
1066 2410 1213 2476 omnibus
1237 2409 1276 2475 iis
1306 2411 1427 2494 poenis,
1453 2432 1534 2494 quac

248 2539 361 2600 contra
382 2533 546 2620 regulares
569 2538 661 2599 extra
676 2533 817 2600 claustra
833 2534 985 2620 degentes
1001 2557 1021 2598 a
1037 2535 1135 2600 sacris
1151 2535 1325 2600 canonibus
1341 2539 1437 2620 atque
1453 2556 1533 2620 epo·

247 2658 370 2726 stolicis
397 2659 680 2724 constitutionibus
715 2658 861 2743 prolatae
888 2663 973 2738 suut,
1000 2659 1138 2724 'obnoxii
1167 2663 1364 2739 censeantur,
1388 2660 1533 2726 iniuncto

248 2783 472 2868 Superioribus
495 2782 622 2849 Ordinis
645 2783 686 2848 ad
710 2805 790 2868 quos
813 2787 949 2868 spectat,
981 2783 1144 2862 mandatu,
1175 2783 1302 2848 eosdem
1330 2783 1371 2848 ad
1394 2781 1534 2849 claustra

250 2907 432 2974 revocandi.

338 3035 369 3099 3.
393 3030 445 3098 Ad
469 3053 580 3100 causas
605 3035 791 3098 excusantes
814 3031 900 3116 quod
924 3031 1043 3098 attinet
1074 3033 1136 3098 duo
1160 3032 1349 3117 inquirenda
1376 3036 1464 3098 suut:
1500 3030 1533 3114 1)

247 3157 413 3235 Quaenam
442 3158 528 3235 sint,
559 3155 593 3240 2)
619 3157 689 3234 Qua
715 3157 897 3224 conditione
927 3158 1068 3224 munitas
1099 3179 1167 3224 esse
1197 3161 1356 3244 oporteat.
1381 3153 1533 3224 'Iamrero

247 3303 362 3350 causae
391 3287 588 3362 excusantes,
618 3282 695 3348 licet
722 3287 903 3368 quatuora
935 3283 1077 3349 Concilio
1111 3281 1298 3349 Tridentino
1331 3283 1535 3370 assignentur

248 3405 347 3490 (Sese.
366 3405 477 3473 XXIII
500 3407 578 3493 Gap.
601 3405 642 3490 I),
666 3407 809 3474 adduas
832 3411 941 3474 tamen
963 3408 1106 3474 revocari
1129 3413 1278 3493 possunt:
1302 3406 1336 3490 a)
1361 3409 1402 3474 ad
1424 3431 1534 3474 neces-

245 3533 387 3612 sitatem,
411 3553 493 3617 quae
517 3531 742 3617 complectitur
764 3533 863 3597 etiam
886 3532 1120 3610 obedientiam3
1145 3531 1177 3612 b)
1201 3533 1241 3596 ad
1265 3533 1444 3610 caritatem,
1470 3553 1534 3616 qua

248 3657 432 3724 continetur
454 3657 553 3723 etiam
577 3657 740 3724 Ecclesiae
764 3657 814 3722 rel
836 3656 1031 3742 reipublicae
1054 3655 1190 3722 utilitas.

339 3781 477 3867 Propter
499 3781 723 3847 necessitatum
747 3783 878 3846 excusat
900 3801 920 3845 a
942 3781 1136 3846 residentia:
1167 3777 1200 3860 1)
1224 3777 1406 3844 obedientia
1429 3775 1533 3864 Supe-

246 3905 325 3972 riori
348 3905 467 3985 debita,
490 3905 524 3972 id
548 3909 597 3971 est
620 3909 690 3971 tum
713 3905 859 3970 Romano
883 3903 1034 3970 Pontifici
1063 3905 1117 3989 qui
1140 3904 1337 3989 Episcopum
1360 3903 1412 3969 vel
1435 3903 1475 3968 ad
1499 3925 1534 3969 se

245 4035 350 4112 vocet,
373 4030 425 4096 rel
449 4029 513 4095 alio
537 4030 660 4110 mittat,
683 4033 753 4094 tum
777 4029 875 4094 etiam
898 4028 1127 4115 Metropolitae
1150 4029 1184 4094 in
1208 4051 1282 4094 casn
1298 4028 1476 4094 vocationis
1493 4028 1533 4092 ad

247 4155 427 4223 Concilium
442 4155 654 4221 Provinciale.
672 4153 706 4237 2)
731 4152 907 4220 Infirmitas
928 4154 1027 4240 ipsius
1044 4154 1207 4240 Episcopi,
1224 4175 1305 4239 quae
1321 4153 1447 4218 nonnisi
1468 4152 1534 4218 alio

248 4279 310 4346 sub
322 4277 411 4346 coelo
424 4279 528 4345 curari
540 4277 652 4364 possit.
665 4279 781 4344 Bursa.
797 4277 876 4344 XIV
889 4278 998 4345 Oonst.
1011 4277 1068 4344 An
1077 4280 1245 4346 universnm
1261 4271 1335 4344 tert.
1351 4277 1438 4344 Non.
1450 4281 1533 4362 sept.

252 4405 349 4471 1746.
372 4403 446 4469 Huc
468 4404 608 4488 pertinet
632 4404 731 4469 etiem
754 4402 941 4490 malignitas
965 4403 1057 4482 aeris,
1074 4425 1156 4488 quae
1179 4408 1266 4468 certo
1290 4403 1366 4472 anni
1387 4405 1535 4486 tempore

247 4533 353 4596 totam
368 4529 540 4595 dioecesim
555 4533 700 4614 occupet,
719 4532 752 4593 et
767 4528 857 4593 cuius
873 4523 969 4593 causa
985 4531 1113 4612 praeter
1128 4527 1288 4592 trimestre
1304 4526 1445 4611 spatium
1460 4523 1536 4611 lege

248 4653 422 4736 indultum,
439 4653 521 4720 alius
537 4653 636 4720 etiam
652 4653 815 4719 absentiae
830 4651 948 4718 mensis
964 4652 1093 4718 concedi
1110 4655 1227 4737 potest.
1239 4650 1355 4716 Barsa.
1372 4645 1451 4716 XIV
1466 4649 1488 4714 l.
1505 4672 1535 4715 c.

248 4779 419 4866 Excipitur
441 4784 550 4845 tamen
573 4779 683 4865 pestis,
708 4800 790 4864 quae
811 4777 966 4863 Episcopi
990 4777 1169 4842 absentiam
1186 4799 1205 4842 a
1220 4780 1293 4843 tota
1312 4776 1448 4842 dioecesi
1470 4775 1535 4840 mi·
