3906 5690
812 433 952 489 ..15-

242 616 330 680 venit
352 615 402 688 iis,
427 617 541 699 quibus
565 638 584 680 a
607 615 769 700 superiore
791 636 830 682 ne
855 615 977 703 eligant
1000 594 1205 680 interdictum
1233 617 1292 695 est,
1320 614 1405 699 quod
1427 635 1521 700 prae·

242 741 333 826 cipue
357 741 495 826 pertinet
511 742 551 806 ad
566 739 753 828 Regulares,
778 741 862 828 apud
885 763 964 826 quos
980 741 1087 826 plures
1103 744 1177 806 sunt
1193 763 1294 818 casus,
1312 739 1425 825 quibus
1441 739 1520 804 haec

241 887 345 951 poena
367 867 490 932 adnexa
513 870 571 932 est.
589 864 623 950 4)
646 865 809 932 Haeretici
833 865 884 932 uel
906 866 1060 932 infideles.
1078 864 1111 948 5)
1128 865 1241 951 Neque
1261 865 1375 932 Clerici
1392 865 1520 932 admitti

243 993 283 1058 ad
314 992 495 1079 eligendum
526 993 662 1084 debent,
685 993 739 1077 qui
770 991 884 1060 saltem
915 993 1146 1060 subdiaconatu
1177 992 1264 1058 aucti
1295 1014 1360 1057 non
1391 991 1521 1070 fuerim,

242 1119 337 1186 Onna.
361 1120 380 1182 2
405 1118 443 1184 de
467 1122 573 1188 aetate
600 1123 633 1185 et
665 1117 826 1204 quatiat,
856 1119 918 1184 nisi
947 1123 1057 1184 tamen
1087 1121 1205 1205 agatur
1227 1117 1265 1184 de
1296 1115 1520 1204 Regularibus.

242 1242 311 1310 Suc.
336 1243 446 1310 Ocnos.
471 1243 602 1310 Oouonu
625 1243 710 1329 apud
733 1243 861 1310 Granum
884 1244 921 1310 P.
939 1245 970 1324 2,
986 1247 1062 1310 sect.
1081 1245 1133 1310 78.
1152 1241 1184 1325 6)
1202 1241 1289 1308 Laici
1308 1243 1348 1308 ab
1372 1241 1520 1326 eligendo

242 1373 399 1450 arcentur,
422 1391 486 1436 non
510 1368 659 1435 obstante
690 1391 887 1455 quecumque
919 1369 1177 1454 praescriptione,
1202 1367 1253 1434 vel
1283 1366 1521 1444 consuetudine,

243 1499 299 1561 aut
332 1499 427 1580 pacto
458 1493 509 1560 vel
539 1493 712 1561 tolerantia
744 1494 928 1572 electorum.
952 1495 1031 1580 Gap.
1056 1495 1098 1560 56
1122 1495 1160 1560 de
1184 1493 1275 1560 elect.
1309 1493 1411 1558 Immo
1438 1493 1521 1577 siqui

241 1620 357 1686 laicam
380 1623 572 1706 potestatem
597 1621 638 1686 ad
661 1620 849 1686 electionem
873 1620 1068 1700 vocaverint,
1084 1641 1149 1686 non
1171 1619 1276 1686 solum
1290 1619 1360 1704 ipso
1384 1619 1452 1684 iure
1469 1638 1521 1682 eo·

241 1768 312 1812 rum
335 1743 449 1812 electio
472 1745 562 1812 nulla
584 1746 731 1826 habetur,
755 1746 810 1812 sed
833 1769 890 1830 per
921 1746 1093 1812 triennium
1117 1745 1157 1810 ab
1182 1745 1286 1810 officio
1310 1749 1343 1810 et
1366 1743 1520 1809 beneficio

241 1872 485 1957 suspenduntur,
502 1875 535 1937 et
551 1872 618 1957 ipse
634 1871 753 1938 electus
770 1871 918 1938 electioni
930 1872 992 1936 hae
1013 1872 1136 1936 ratione
1151 1874 1299 1956 peractae
1319 1870 1378 1935 sub
1396 1869 1521 1956 gravis·
1545 1915 1548 1922 ,

242 1997 331 2063 simis
354 1998 464 2082 poenis
488 2020 650 2092 assensum
674 1998 824 2083 praebere
847 2019 912 2064 non
935 2001 1053 2084 potest.
1078 1995 1154 2081 Cap.
1173 1998 1215 2062 43
1232 1996 1300 2062 eod.
1325 1997 1376 2061 tit.
1392 1993 1437 2076 7).
1461 1995 1522 2072 Qui

242 2121 379 2188 formam
403 2122 566 2189 electionis
583 2123 688 2209 quoad
711 2123 936 2190 substantialia
951 2145 1016 2189 non
1031 2126 1246 2202 servaverunt,
1264 2121 1423 2187 sententia
1438 2121 1521 2186 iudi·
1567 2109 1570 2126 ¹

242 2248 297 2329 cis,
321 2270 359 2313 ea
382 2250 450 2314 vice
480 2248 621 2335 eligendi
649 2249 717 2314 iure
746 2249 924 2334 privantur,
955 2248 1040 2333 quod
1072 2248 1113 2313 ad
1135 2245 1302 2314 Summum
1331 2245 1522 2311 Pontificem

239 2373 440 2448 transfertur.
458 2371 492 2456 8)
508 2372 542 2440 Si
558 2375 645 2440 intra
660 2378 724 2440 tres
740 2395 863 2440 menses
879 2378 1051 2459 postquam
1074 2375 1200 2438 vacatio
1223 2373 1409 2452 innotuerit,
1432 2372 1518 2438 iusto

240 2504 382 2566 cessante
404 2499 643 2584 impedimento,
660 2499 774 2566 electio
797 2505 907 2566 secuta
929 2523 994 2565 non
1016 2499 1124 2579 fuerit,
1149 2499 1199 2564 vel
1222 2499 1263 2564 ob
1287 2498 1519 2585 negligentiam

243 2625 294 2690 vel
318 2626 359 2690 ob
384 2625 548 2690 dissidium
571 2625 756 2706 electorum,
780 2648 818 2690 ea
841 2626 909 2690 vice
933 2624 1072 2711 eligendi
1095 2625 1163 2690 iure
1187 2625 1413 2702 destituuntur,
1438 2623 1523 2708 quod

241 2743 281 2816 ad
304 2751 485 2835 proximum
509 2750 703 2836 superiorem
738 2749 928 2816 devolvitur.
953 2749 1030 2834 Oap.
1056 2751 1096 2814 41
1121 2750 1154 2816 h.
1177 2753 1213 2828 t.,
1238 2749 1314 2834 Cap.
1340 2751 1359 2815 5
1384 2749 1422 2815 de
1447 2771 1522 2814 con-

241 2877 381 2944 cessione
404 2876 613 2962 praebendae.
639 2875 729 2953 Quod
753 2876 780 2942 si
796 2875 911 2942 electio
936 2875 1063 2960 quidem
1079 2879 1188 2940 secuta
1211 2875 1264 2954 sit,
1281 2874 1336 2940 aad
1359 2874 1399 2939 ab
1421 2873 1521 2940 electo

239 3004 337 3070 fuerit
358 3007 514 3082 recusata,
539 3003 590 3068 vel
613 3001 677 3068 alia
707 3003 819 3087 quasis
843 3003 881 3067 de
905 3023 1001 3068 causa
1032 3001 1147 3066 effectu
1177 3001 1324 3082 caruerit,
1348 3021 1388 3064 ex
1411 3021 1449 3065 ea
1472 3000 1522 3064 die

241 3131 403 3218 integrum
434 3129 521 3196 aliud
551 3129 710 3196 trimestre
741 3129 870 3195 initium
901 3129 1010 3194 habet.
1042 3125 1073 3193 Is
1104 3149 1178 3194 uero
1210 3127 1251 3192 ad
1282 3149 1376 3212 quem
1408 3125 1522 3192 electio

240 3255 391 3321 devoluta
413 3260 473 3335 est,
498 3255 583 3321 iutra
607 3255 694 3320 aliud
725 3255 884 3320 trimestre
907 3255 1003 3320 debet
1025 3253 1201 3338 providere,
1222 3275 1320 3332 ,secus
1343 3254 1393 3318 ius
1417 3256 1522 3318 trans·

243 3381 365 3443 leretur
395 3400 502 3444 rursus
534 3379 574 3442 ad
603 3379 823 3444 immediatum
857 3379 1062 3464 superiorem,
1086 3383 1119 3443 et
1146 3381 1193 3444 ita
1225 3401 1320 3464 porro
1350 3379 1521 3465 gradatim,

247 3520 346 3582 usque
369 3499 409 3562 ad
433 3497 598 3566 Summum
620 3501 822 3582 Pontificem,
847 3503 923 3588 Oap.
949 3505 990 3567 41
1015 3503 1047 3566 h.
1072 3507 1097 3568 t.

337 3620 372 3688 Si
395 3643 471 3687 vero
495 3622 689 3706 Capitulum,
714 3625 798 3708 quod
825 3624 1012 3690 electionem
1043 3623 1197 3709 neglexit,
1220 3623 1260 3688 ab
1284 3625 1372 3688 omni
1401 3623 1523 3688 archie-

246 3747 401 3833 piscopali
432 3747 651 3814 iurisdictione
683 3752 865 3833 exemptum
894 3749 948 3828 sit,
979 3748 1163 3814 immediate
1190 3747 1239 3814 ius
1262 3748 1303 3813 ad
1334 3747 1525 3814 Pontificem

243 3873 412 3958 spectabit,
437 3872 515 3958 Cap.
531 3871 622 3940 Licet
638 3876 657 3940 3
674 3873 712 3939 de
728 3872 904 3958 supplenda
919 3873 1120 3962 negligentia
1135 3872 1287 3954 Praelat,
1304 3873 1389 3958 quod
1404 3875 1525 3960 pariter

243 3999 275 4064 in
300 3999 373 4064 aliis
403 3998 628 4086 Dignitatibus
652 4003 685 4065 et
702 3999 913 4081 'praelaturis
946 4022 1027 4084 quae
1050 3999 1131 4066 nulli
1154 3999 1210 4066 alii
1241 4001 1426 4066 auctoritati
1449 4005 1524 4067 sunt

245 4125 411 4205 obnoxiae,
435 4123 542 4190 locum
565 4123 672 4190 habet.
687 4125 776 4210 'Gap
802 4125 882 4192 Cam
897 4125 1037 4210 singula,
1056 4125 1133 4212 Cap.
1158 4127 1200 4192 23
1223 4126 1256 4191 in
1281 4127 1311 4192 6.

337 4249 663 4316 Animadvertendum
693 4250 746 4316 hic
777 4256 895 4332 tamen,
926 4253 1087 4317 trimestre
1117 4251 1197 4318 illud
1219 4252 1258 4317 de
1281 4251 1524 4319 Cathedralibus

247 4380 375 4442 tantum
406 4375 555 4456 ecclesiis,
587 4375 638 4442 vel
668 4377 706 4442 de
730 4377 941 4464 Regularium
972 4377 1179 4444 electionibus
1210 4377 1362 4464 intelligi,
1393 4377 1524 4442 minime

245 4523 320 4568 uero
344 4501 382 4567 de
405 4500 544 4566 ecclesiis
568 4501 766 4589 collegiatis,
791 4503 901 4570 aliisve
931 4503 1093 4569 benefieiis
1115 4525 1172 4587 per
1195 4502 1384 4570 electionem
1415 4502 1523 4570 confe-

244 4627 365 4706 rendis;
397 4649 471 4692 nam
502 4625 552 4691 his
586 4627 705 4713 integri
736 4629 898 4694 semestris
929 4651 1020 4694 mora
1049 4628 1245 4716 indulgetur,
1277 4633 1450 4714 antequam
1483 4631 1524 4696 ad

245 4753 439 4840 superiorem
462 4750 624 4819 desolatio
647 4753 716 4836 fiat,
733 4776 805 4822 cum
828 4777 936 4822 earum
960 4756 1084 4822 vacatio
1100 4777 1165 4822 non
1181 4755 1260 4822 adeo
1275 4757 1319 4823 sit
1335 4755 1523 4842 periculosa.
