3906 5690
765 519 905 574 ..27-

193 699 466 767 renunciationem
487 700 554 766 sive
577 699 611 764 in
633 702 721 766 statu
744 699 943 766 infirmitatis
966 699 1033 764 sive
1056 699 1090 764 in
1113 701 1202 764 stetu
1225 699 1327 764 bonae
1351 698 1477 766 valetu-

193 827 276 892 dinis
291 825 440 892 emissam
454 845 519 890 nou
534 825 677 890 decedat.
694 821 728 906 3)
744 823 792 891 Ut
814 824 1044 910 resignatarius
1069 827 1158 890 curet
1179 823 1336 910 publicari
1359 846 1477 890 renun-

196 951 367 1018 ciationem
382 951 417 1016 in
433 949 566 1016 ecclesia
589 949 764 1016 cathedrali
784 949 870 1016 intra
895 953 959 1014 tres
983 971 1117 1030 meuses,
1133 949 1160 1016 si
1175 949 1371 1016 renuntiatio
1390 949 1479 1016 facta

195 1077 350 1144 fueritin
382 1097 480 1142 manu
508 1075 672 1161 Episcopi,
695 1075 728 1140 id
752 1079 801 1140 est
824 1097 863 1140 ex
887 1097 982 1142 causa
1005 1075 1272 1161 permutationis;
1296 1075 1323 1140 si
1346 1097 1421 1142 vero
1444 1075 1479 1142 in

196 1223 294 1268 manu
315 1199 440 1268 Summi
462 1201 628 1266 Pontificio
651 1200 737 1266 intra
752 1222 806 1265 sex
823 1220 946 1266 menses
971 1199 1076 1284 quoad
1101 1200 1324 1266 Gismontanos
1341 1204 1374 1266 et
1392 1199 1479 1266 ultra

194 1347 319 1406 novem,
344 1327 448 1412 quoad
471 1324 747 1392 Ultramontanos.
777 1323 910 1391 (lacoon.
934 1323 1015 1391 XIH
1045 1326 1181 1394 constit.
1206 1324 1478 1392 1100000005Ιο-

196 1474 286 1517 nuar.
312 1453 409 1518 1584.
434 1451 504 1528 Qua
525 1451 570 1530 ‚de
594 1473 629 1516 re
656 1451 732 1535 quid
762 1452 802 1516 ad
829 1451 1037 1518 removendas
1061 1451 1188 1517 fraudes
1211 1451 1297 1517 facto
1323 1473 1403 1536 opus
1425 1452 1479 1532 sit,

195 1577 288 1642 docet
310 1576 426 1641 Busan.
451 1575 529 1642 XlV
552 1575 661 1642 Consi.
684 1575 919 1642 Ecclesiastico
944 1577 984 1642 15
1009 1573 1093 1642 Iunii
1119 1578 1215 1642 1746.

284 1701 389 1788 Leges
412 1723 494 1786 quae
516 1700 622 1766 locum
644 1700 765 1766 habent
787 1701 913 1766 ratione
928 1721 1082 1786 personae
1104 1702 1299 1788 resignastis
1315 1701 1365 1768 vel
1380 1702 1478 1766 bene-

194 1826 261 1890 ficii
283 1827 440 1912 resignati
462 1826 497 1892 in
512 1824 671 1910 aliquibus
686 1825 981 1892 renunciationibus
996 1831 1164 1912 sequentes
1179 1831 1268 1892 sant:
1294 1825 1325 1910 1)
1341 1826 1479 1892 Ratione

195 1951 401 2038 assignantis,
415 1950 536 2016 habent
551 1951 696 2035 proprias
711 1949 800 2037 leges
817 1971 927 2016 eorum
948 1951 1203 2018 renunciationes
1219 1952 1273 2036 qui
1289 1951 1323 2018 in
1339 1951 1480 2034 aliquam

196 2075 401 2162 Religionem
423 2074 560 2162 ingressi
582 2075 766 2142 tirocinium
790 2079 948 2156 exercent,
972 2099 1028 2142 seu
1044 2079 1081 2144 ut
1100 2077 1170 2142 fieri
1193 2077 1297 2144 aalide
1319 2081 1481 2162 nequeant

196 2203 271 2266 ante
294 2199 373 2266 duos
396 2221 519 2266 menses
542 2199 772 2284 professionem
796 2200 1031 2284 praecedentes,
1056 2201 1146 2268 (lonc.
1163 2201 1252 2266 Tam.
1276 2201 1359 2268 Sese.
1376 2201 1479 2282 XXV,

197 2326 274 2410 Cap.
298 2323 377 2391 XVI
399 2327 439 2392 de
454 2323 567 2409 Requi.
590 2325 698 2408 ibique
723 2323 869 2403 Giraldi3
894 2327 994 2410 utque
1018 2326 1166 2392 effectum
1181 2347 1246 2392 non
1261 2325 1403 2391 habeant
1417 2325 1479 2393 nisi

196 2454 271 2536 post
293 2451 441 2516 emissam
459 2449 699 2534 professionem.
717 2446 750 2530 2)
767 2447 908 2515 Ratione
931 2450 1078 2516 beneficii
1100 2450 1254 2537 resignati
1271 2451 1305 2516 id
1319 2449 1480 2535 peculiare

196 2575 305 2654 habet,
319 2575 442 2659 quodsi
455 2578 572 2661 agatru
587 2574 626 2640 de
641 2573 796 2640 beneficio
813 2575 902 2640 cuius
917 2573 1014 2640 titulo
1027 2575 1098 2660 quis
1114 2575 1279 2642 ordinatus
1291 2579 1350 2654 est,
1361 2575 1395 2640 10
1410 2575 1481 2660 ipsa

196 2699 414 2787 resignatione
444 2697 626 2764 huiusmodi
653 2699 701 2764 rei
724 2700 845 2764 mentio
868 2699 939 2766 lieri
963 2699 1067 2778 debet,
1091 2704 1124 2766 et
1151 2699 1283 2766 clericus
1305 2701 1481 2786 resignans,

196 2825 260 2892 uisi
282 2823 488 2912 Religionem
511 2821 651 2908 aliquam
675 2823 884 2909 ingrediatur,
909 2823 947 2888 da
972 2845 1114 2910 congrua
1142 2823 1375 2890 sustentatione
1405 2847 1481 2909 pro·

198 2953 283 3018 visus
306 2971 374 3016 esse
397 2949 500 3015 debet.
526 2947 615 3015 Coro.
632 2947 722 3012 Tala.
746 2970 821 3013 sess.
838 2947 925 3013 XXI.
943 2949 1020 3033 Cap.
1037 2946 1070 3014 Π
1085 2949 1124 3014 dc
1145 2947 1218 3034 Res.
1234 2948 1309 3014 Prus
1325 2949 1356 3014 V
1372 2949 1481 3016 (least.

200 3077 328 3158 Quanta
352 3077 369 3141 1
394 3097 462 3160 apr.
489 3074 584 3140 1568.
608 3071 698 3138 Haeo
723 3093 797 3138 vero
820 3073 927 3139 locum
962 3073 1110 3140 obtinent
1144 3073 1177 3138 in
1211 3073 1482 3160 resignationibus

199 3199 397 3278 voluntariis,
421 3221 485 3264 non
509 3220 584 3264 vero
612 3199 646 3264 in
678 3198 912 3282 privationibus
946 3181 1038 3264 iuxta
1068 3197 1212 3266 (lacones
1242 3197 1383 3264 inflictis.
1411 3196 1481 3266 Suc.

200 3325 311 3392 Conon.
336 3323 454 3390 Concu.
476 3325 514 3390 iu
537 3323 736 3390 Loaciuaea.
760 3325 779 3388 9
803 3323 897 3388 Febr.
924 3325 1019 3390 1726.

289 3445 432 3509 Effectus
467 3445 713 3512 renuntiationis
751 3451 918 3531 sequentes
956 3452 1051 3514 sunt:
1090 3447 1124 3530 c)
1163 3449 1372 3516 Renuntiatio
1401 3471 1482 3534 quae

202 3566 344 3632 nondum
360 3587 379 3631 a
395 3563 561 3649 Superiora
584 3570 627 3634 sit
650 3569 798 3646 admissa,
815 3569 891 3634 licet
906 3570 1009 3634 eidem
1024 3575 1229 3654 praesentata
1243 3571 1351 3649 fuerit,
1375 3575 1483 3654 potest

201 3690 357 3768 revocari3
374 3709 474 3770 secus,
490 3690 517 3756 si
534 3689 632 3756 licerit
647 3691 794 3756 admissa.
810 3693 1037 3758 Rurrrussuuau
1061 3691 1122 3758 100.
1139 3694 1194 3757 011.
1210 3716 1242 3756 n.
1259 3693 1312 3758 38.
1329 3691 1484 3756 Soumat-

199 3839 337 3904 oauusua
358 3815 435 3882 ibid.
459 3837 491 3880 u.
516 3817 569 3880 49.
601 3812 632 3896 1)
656 3814 865 3880 Renuntiatio
901 3817 1121 3882 conditionata
1155 3817 1281 3882 nonnisi
1314 3816 1485 3902 purificata

202 3941 384 4008 conditione
407 3941 556 4008 effectum
578 3941 722 4006 sortitur.
747 3939 1022 4008 Summoauueun
1037 3941 1113 4008 ibid.
1131 3965 1162 4008 n.
1180 3941 1232 4006 48.
1249 3940 1278 4022 0)
1294 3940 1330 4008 81
1345 3963 1385 4006 ex
1399 3962 1483 4008 nouo

203 4067 340 4152 quodam
364 4065 460 4132 titulo
491 4065 658 4152 resignans
689 4065 729 4130 ad
759 4066 948 4132 beneficium
974 4089 1067 4133 suum
1093 4067 1187 4146 redit,
1219 4065 1369 4134 ultimum
1400 4067 1484 4132 inter

202 4191 343 4277 collegas
370 4191 469 4256 habet
492 4190 608 4270 locum,
632 4212 734 4275 neque
758 4191 929 4284 pristinum
951 4196 1060 4276 potest
1082 4195 1236 4276 repetere.
1258 4191 1484 4256 Rrrurasscusu

201 4315 263 4382 loc.
281 4313 492 4396 0110421)
508 4315 644 4382 Fructus
660 4319 803 4400 tempore
818 4316 1065 4382 renuntiationis
1080 4317 1253 4402 pendentes
1269 4315 1481 4384 devolvuntur

204 4441 244 4506 ad
267 4440 433 4506 ecclesiam
456 4439 508 4506 vel
537 4441 578 4506 ad
609 4463 832 4520 successorem,
855 4441 918 4508 nisi
942 4441 1168 4508 consuetudine
1191 4445 1248 4509 ant
1270 4445 1366 4525 pacto
1397 4440 1484 4506 aliud

204 4565 414 4631 constitutum
437 4565 490 4634 sit.
514 4565 740 4630 Rerareusrunn
762 4565 824 4630 loc.
846 4566 900 4632 cit.
924 4589 956 4632 0.
983 4567 1046 4634 152
1069 4587 1135 4651 seq.
1159 4564 1335 4632 Quorsum
1359 4563 1411 4632 De
1433 4587 1484 4630 re·

201 4675 323 4772 9010100
345 4689 509 4757 Ecclesiae
530 4690 588 4755 lib.
612 4712 654 4754 111.
679 4691 757 4774 Gap.
785 4691 836 4755 10.
861 4687 897 4772 d)
922 4671 1033 4768 Qubad
1056 4691 1326 4758 renuntiationem
1349 4689 1484 4788 1101000-

205 4817 299 4898 patrus
323 4813 375 4880 lex
399 4819 447 4880 est
477 4813 696 4900 particularis3
726 4837 800 4880 nam
824 4815 851 4880 si
874 4815 962 4880 fecta
984 4815 1027 4880 sit
1050 4815 1114 4882 loco
1138 4820 1272 4896 lantum,
1296 4814 1485 4882 facultatem
